id,price,qty,base_qty,time,is_buyer_maker
586769,113247.6,51.0,0.04503406,1761264000940,true
586770,113247.6,1.0,8.83020920,1761264001036,true
586771,113253.6,67.0,0.05915926,1761264024396,false
586772,113253.6,20.0,0.01765948,1761264024396,false
586773,113257.0,339.0,0.29931924,1761264024396,false
586774,113269.3,1.0,8.82851752,1761264035020,true
586775,113278.6,1.0,8.82779271,1761264121874,false
586776,113310.6,13.0,0.01147288,1761264135619,false
586777,113310.6,11.0,0.00970782,1761264135620,false
586778,113310.6,24.0,0.02118071,1761264135620,false
586779,113337.7,1.0,8.82318945,1761264135871,true
586780,113297.3,12.0,0.01059160,1761264136038,true
586781,113297.3,7.0,0.00617843,1761264136038,true
586782,113297.3,11.0,0.00970896,1761264136038,true
586783,113297.2,7.0,0.00617844,1761264136038,true
586784,113291.8,2.0,0.00176535,1761264138514,false
586785,113291.8,8.0,0.00706141,1761264138515,false
586786,113291.8,5.0,0.00441338,1761264138516,false
586787,113291.8,24.0,0.02118423,1761264138516,false
586788,113291.8,1.0,8.82676416,1761264138516,false
586789,113311.2,24.0,0.02118060,1761264140955,true
586790,113311.2,23.0,0.02029808,1761264140955,true
586791,113311.2,15.0,0.01323787,1761264140955,true
586792,113272.6,1.0,8.82826032,1761264141599,true
586793,113272.6,9.0,0.00794543,1761264141600,true
586794,113272.6,14.0,0.01235956,1761264141601,true
586795,113253.5,78.0,0.06887204,1761264142878,true
586796,113253.5,31.0,0.02737222,1761264142882,true
586797,113253.5,1.0,8.82974919,1761264142890,true
586798,113253.5,3.0,0.00264892,1761264142902,true
586799,113218.7,1.0,8.83246318,1761264143717,false
586800,113218.7,1.0,8.83246318,1761264143717,false
586801,113225.2,1.0,8.83195613,1761264144982,true
586802,113192.2,1.0,8.83453100,1761264146158,true
586803,113192.2,3.0,0.00265035,1761264146158,true
586804,113192.2,9.0,0.00795107,1761264146161,true
586805,113192.2,22.0,0.01943596,1761264146161,true
586806,113192.2,15.0,0.01325179,1761264146161,true
586807,113192.2,1.0,8.83453100,1761264146161,true
586808,113198.7,1.0,8.83402371,1761264155019,true
586809,113198.7,7.0,0.00618381,1761264163127,true
586810,113198.7,15.0,0.01325103,1761264163127,true
586811,113198.7,26.0,0.02296846,1761264163127,true
586812,113198.7,1.0,8.83402371,1761264163127,true
586813,113198.7,23.0,0.02031825,1761264163127,true
586814,113198.6,15.0,0.01325104,1761264163127,true
586815,113193.1,26.0,0.02296959,1761264163127,true
586816,113180.2,39.0,0.03445832,1761264235991,false
586817,113180.2,29.0,0.02562285,1761264243378,false
586818,113180.2,45.0,0.03975960,1761264243379,false
586819,113180.2,1.0,8.83546768,1761264243379,false
586820,113297.3,83.0,0.07325858,1761264274104,true
586821,113297.3,4.0,0.00353053,1761264274105,true
586822,113297.3,16.0,0.01412213,1761264274112,true
586823,113297.3,10.0,0.00882633,1761264274112,true
586824,113260.4,26.0,0.02295594,1761264286783,false
586825,113260.4,15.0,0.01324381,1761264286783,false
586826,113260.4,1.0,8.82921126,1761264286783,false
586827,113202.3,1.0,8.83374277,1761264381510,true
586828,113202.2,12.0,0.01060050,1761264381510,true
586829,113184.3,1.0,8.83514763,1761264383645,true
586830,113165.6,1.0,8.83660759,1761264410447,false
586831,113164.2,12.0,0.01060406,1761264473072,true
586832,113164.2,14.0,0.01237140,1761264473073,true
586833,113164.2,1.0,8.83671691,1761264473073,true
586834,113167.3,25.0,0.02209118,1761264479978,true
586835,113167.3,1.0,8.83647484,1761264479978,true
586836,113167.3,23.0,0.02032389,1761264479978,true
586837,113163.1,64.0,0.05655553,1761264479978,true
586838,113178.8,1.0,8.83557698,1761264488631,false
586839,113240.2,4.0,0.00353231,1761264530658,true
586840,113240.2,5.0,0.00441539,1761264530659,true
586841,113240.2,27.0,0.02384312,1761264530659,true
586842,113240.2,1.0,8.83078624,1761264530659,true
586843,113240.2,13.0,0.01148002,1761264530659,true
586844,113240.2,1.0,8.83078624,1761264530659,true
586845,113210.3,14.0,0.01236636,1761264561790,true
586846,113210.3,26.0,0.02296610,1761264561790,true
586847,113210.3,24.0,0.02119948,1761264561790,true
586848,113237.6,4.0,0.00353239,1761264620062,true
586849,113237.6,10.0,0.00883098,1761264620064,true
586850,113237.6,29.0,0.02560986,1761264620064,true
586851,113237.6,23.0,0.02031127,1761264620065,true
586852,113275.1,8.0,0.00706245,1761264717631,true
586853,113275.1,1.0,8.82806547,1761264717631,true
586854,113275.1,1.0,8.82806547,1761264717634,true
586855,113324.1,1.0,8.82424832,1761264733847,false
586856,113344.1,29.0,0.02558580,1761264736039,false
586857,113344.1,22.0,0.01940992,1761264736039,false
586858,113365.5,15.0,0.01323153,1761264736040,false
586859,113372.7,4.0,0.00352818,1761264736044,false
586860,113377.5,1.0,8.82009216,1761264736168,false
586861,113377.5,29.0,0.02557826,1761264736168,false
586862,113379.9,3.0,0.00264597,1761264736168,false
586863,113379.9,29.0,0.02557772,1761264736172,false
586864,113385.2,1.0,8.81949319,1761264736261,false
586865,113390.5,5.0,0.00440954,1761264737084,false
586866,113390.5,2.0,0.00176381,1761264737084,false
586867,113390.5,25.0,0.02204770,1761264737084,false
586868,113401.1,33.0,0.02910024,1761264737084,false
586869,113401.9,15.0,0.01322729,1761264737084,false
586870,113419.1,14.0,0.01234359,1761264737096,false
586871,113423.0,14.0,0.01234317,1761264737107,false
586872,113429.5,5.0,0.00440802,1761264737116,false
586873,113429.5,1.0,8.81604873,1761264737177,false
586874,113429.5,1.0,8.81604873,1761264737178,false
586875,113422.8,1.0,8.81656950,1761264738049,false
586876,113441.6,9.0,0.00793359,1761264738067,true
586877,113405.3,1.0,8.81793002,1761264741124,true
586878,113405.3,21.0,0.01851765,1761264741125,true
586879,113405.3,1.0,8.81793002,1761264741125,true
586880,113382.4,103.0,0.09084302,1761264741175,false
586881,113384.8,10.0,0.00881952,1761264741175,false
586882,113365.4,9.0,0.00793893,1761264741864,true
586883,113365.4,6.0,0.00529262,1761264741864,true
586884,113365.4,2.0,0.00176420,1761264741864,true
586885,113365.4,1.0,8.82103357,1761264741864,true
586886,113351.9,8.0,0.00705766,1761264743427,false
586887,113351.9,1.0,8.82208414,1761264743427,false
586888,113402.1,78.0,0.06878179,1761264754188,true
586889,113402.1,35.0,0.03086362,1761264754189,true
586890,113406.9,20.0,0.01763561,1761264760804,true
586891,113406.9,88.0,0.07759668,1761264760806,true
586892,113385.2,1.0,8.81949319,1761264780570,false
586893,113373.5,1.0,8.82040335,1761264817835,true
586894,113367.4,56.0,0.04939691,1761264817842,true
586895,113352.4,29.0,0.02558393,1761264818536,false
586896,113352.4,1.0,8.82204523,1761264818536,false
586897,113373.9,1.0,8.82037223,1761264823579,false
586898,113388.3,1.0,8.81925207,1761264868039,false
586899,113407.7,1.0,8.81774341,1761264874428,false
586900,113419.0,1.0,8.81686489,1761264893339,true
586901,113407.6,43.0,0.03791633,1761264898215,true
586902,113407.6,2.0,0.00176355,1761264898226,true
586903,113407.6,10.0,0.00881775,1761264898226,true
586904,113407.6,6.0,0.00529065,1761264898226,true
586905,113407.6,1.0,8.81775119,1761264898227,true
586906,113407.6,1.0,8.81775119,1761264898229,true
586907,113407.6,44.0,0.03879810,1761264898230,true
586908,113407.6,5.0,0.00440887,1761264900055,true
586909,113407.6,1.0,8.81775119,1761264900055,true
586910,113385.1,56.0,0.04938920,1761264900816,true
586911,113385.1,1.0,8.81950097,1761264900821,true
586912,113361.4,1.0,8.82134483,1761264902057,false
586913,113385.2,1.0,8.81949319,1761264904006,false
586914,113385.0,1.0,8.81950875,1761264916379,false
586915,113419.0,1.0,8.81686489,1761264922431,false
586916,113407.1,1.0,8.81779006,1761264960055,false
586917,113428.2,1.0,8.81614977,1761264961512,true
586918,113392.6,29.0,0.02557486,1761264991266,false
586919,113394.6,1.0,8.81876209,1761264991266,false
586920,113394.7,250.0,0.22046885,1761264991266,false
586921,113337.7,1.0,8.82318945,1761265030517,false
586922,113352.6,1.0,8.82202966,1761265031604,false
586923,113352.6,1.0,8.82202966,1761265031605,false
586924,113363.3,1.0,8.82119698,1761265047845,false
586925,113363.4,1.0,8.82118920,1761265047845,false
586926,113364.0,1.0,8.82114251,1761265118286,false
586927,113378.4,1.0,8.82002215,1761265124873,false
586928,113441.5,1.0,8.81511616,1761265143526,true
586929,113441.5,20.0,0.01763023,1761265144381,true
586930,113441.5,29.0,0.02556383,1761265144381,true
586931,113441.5,1.0,8.81511616,1761265144381,true
586932,113441.5,13.0,0.01145965,1761265144381,true
586933,113441.5,1.0,8.81511616,1761265146242,true
586934,113431.3,14.0,0.01234227,1761265147092,false
586935,113431.3,29.0,0.02556613,1761265147092,false
586936,113435.4,169.0,0.14898347,1761265147095,false
586937,113440.9,61.0,0.05377249,1761265147095,false
586938,113441.6,1.0,8.81510839,1761265147099,false
586939,113464.6,4.0,0.00352532,1761265147128,false
586940,113472.3,1.0,8.81272345,1761265147164,false
586941,113475.6,1.0,8.81246717,1761265147165,false
586942,113486.9,1.0,8.81158970,1761265147174,false
586943,113498.2,1.0,8.81071241,1761265147267,false
586944,113501.8,3.0,0.00264312,1761265147272,false
586945,113505.5,1.0,8.81014576,1761265147333,false
586946,113515.6,1.0,8.80936188,1761265149199,false
586947,113537.1,9.0,0.00792692,1761265150045,false
586948,113537.1,1.0,8.80769369,1761265150048,false
586949,113537.1,1.0,8.80769369,1761265151041,false
586950,113542.2,1.0,8.80729807,1761265151043,false
586951,113542.2,1.0,8.80729807,1761265151044,false
586952,113542.2,1.0,8.80729807,1761265151044,false
586953,113542.2,2.0,0.00176145,1761265151045,false
586954,113538.4,1.0,8.80759284,1761265151775,false
586955,113538.4,1.0,8.80759284,1761265151775,false
586956,113565.9,1.0,8.80546008,1761265164037,false
586957,113566.0,1.0,8.80545233,1761265164037,false
586958,113594.1,1.0,8.80327411,1761265167426,false
586959,113596.0,1.0,8.80312687,1761265167445,false
586960,113601.2,1.0,8.80272391,1761265169093,true
586961,113601.2,1.0,8.80272391,1761265169191,true
586962,113585.8,1.0,8.80391739,1761265169595,true
586963,113559.3,1.0,8.80597185,1761265172827,false
586964,113577.3,1.0,8.80457626,1761265192679,false
586965,113584.3,1.0,8.80403365,1761265210866,true
586966,113584.3,1.0,8.80403365,1761265210872,true
586967,113584.3,1.0,8.80403365,1761265210873,true
586968,113584.3,1.0,8.80403365,1761265210888,true
586969,113584.3,12.0,0.01056484,1761265213372,true
586970,113584.3,2.0,0.00176080,1761265213373,true
586971,113584.3,1.0,8.80403365,1761265213373,true
586972,113584.3,1.0,8.80403365,1761265213373,true
586973,113584.3,1.0,8.80403365,1761265213374,true
586974,113584.3,11.0,0.00968443,1761265213374,true
586975,113584.3,8.0,0.00704322,1761265213374,true
586976,113584.3,73.0,0.06426944,1761265213374,true
586977,113584.3,1.0,8.80403365,1761265213374,true
586978,113565.9,1.0,8.80546008,1761265230993,false
586979,113577.3,1.0,8.80457626,1761265232384,false
586980,113594.1,1.0,8.80327411,1761265240229,false
586981,113599.8,1.0,8.80283239,1761265240268,false
586982,113601.3,10.0,0.00880271,1761265240274,false
586983,113611.1,1.0,8.80195685,1761265240286,true
586984,113577.2,1.0,8.80458401,1761265271284,true
586985,113577.2,1.0,8.80458401,1761265271290,true
586986,113577.2,1.0,8.80458401,1761265271290,true
586987,113577.2,15.0,0.01320687,1761265271291,true
586988,113577.2,34.0,0.02993558,1761265271291,true
586989,113577.2,61.0,0.05370796,1761265271299,true
586990,113577.2,56.0,0.04930567,1761265271299,true
586991,113533.2,1.0,8.80799625,1761265286298,false
586992,113554.7,1.0,8.80632857,1761265330672,false
586993,113543.2,22.0,0.01937588,1761265353822,true
586994,113490.2,29.0,0.02555286,1761265361682,false
586995,113490.2,1.0,8.81133348,1761265361683,false
586996,113490.2,14.0,0.01233586,1761265361683,false
586997,113490.2,1.0,8.81133348,1761265361683,false
586998,113493.2,1.0,8.81110057,1761265361683,false
586999,113515.2,1.0,8.80939292,1761265374830,false
587000,113496.6,1.0,8.81083662,1761265387174,false
587001,113496.6,1.0,8.81083662,1761265387174,false
587002,113496.7,75.0,0.06608121,1761265387174,false
587003,113498.7,29.0,0.02555095,1761265397510,true
587004,113498.7,20.0,0.01762134,1761265397510,true
587005,113498.7,15.0,0.01321601,1761265397510,true
587006,113498.7,86.0,0.07577179,1761265397510,true
587007,113497.6,250.0,0.22026897,1761265397510,true
587008,113445.2,1.0,8.81482865,1761265410317,true
587009,113430.3,1.0,8.81598655,1761265442327,false
587010,113442.5,1.0,8.81503845,1761265445736,false
587011,113447.7,1.0,8.81463440,1761265471778,false
587012,113464.3,1.0,8.81334481,1761265488604,false
587013,113466.4,1.0,8.81318169,1761265488604,false
587014,113470.3,39.0,0.03437022,1761265488605,false
587015,113470.3,30.0,0.02643863,1761265488605,false
587016,113470.3,8.0,0.00705030,1761265488606,false
587017,113470.3,36.0,0.03172636,1761265488606,false
587018,113470.3,29.0,0.02555734,1761265488607,false
587019,113486.8,1.0,8.81159747,1761265488631,true
587020,113465.6,1.0,8.81324383,1761265567405,false
587021,113464.7,29.0,0.02555860,1761265604532,true
587022,113461.2,250.0,0.22033964,1761265604532,true
587023,113460.2,14.0,0.01233912,1761265604534,true
587024,113433.8,1.0,8.81571454,1761265604546,true
587025,113422.4,1.0,8.81660060,1761265604573,true
587026,113381.4,29.0,0.02557738,1761265605505,false
587027,113385.3,15.0,0.01322922,1761265617693,true
587028,113385.3,1.0,8.81948541,1761265617695,true
587029,113385.3,1.0,8.81948541,1761265617695,true
587030,113385.3,2.0,0.00176389,1761265617696,true
587031,113385.3,1.0,8.81948541,1761265617697,true
587032,113377.5,1.0,8.82009216,1761265619315,true
587033,113377.5,12.0,0.01058411,1761265619315,true
587034,113377.5,14.0,0.01234812,1761265619315,true
587035,113385.0,20.0,0.01763901,1761265623464,true
587036,113366.9,23.0,0.02028810,1761265626080,false
587037,113366.9,1.0,8.82091686,1761265626080,false
587038,113378.3,1.0,8.82002993,1761265626088,false
587039,113378.3,1.0,8.82002993,1761265626088,false
587040,113378.3,1.0,8.82002993,1761265626088,false
587041,113378.3,1.0,8.82002993,1761265626089,false
587042,113378.3,109.0,0.09613832,1761265626701,false
587043,113385.0,1.0,8.81950875,1761265629795,true
587044,113396.3,23.0,0.02028284,1761265631196,true
587045,113396.3,7.0,0.00617304,1761265631196,true
587046,113396.3,14.0,0.01234608,1761265631196,true
587047,113385.0,1.0,8.81950875,1761265631303,true
587048,113371.2,1.0,8.82058229,1761265633305,false
587049,113356.3,1.0,8.82174171,1761265635444,true
587050,113345.1,23.0,0.02029201,1761265636552,false
587051,113371.1,22.0,0.01940529,1761265639323,true
587052,113371.1,1.0,8.82059007,1761265639323,true
587053,113366.4,15.0,0.01323143,1761265639323,true
587054,113304.0,1.0,8.82581374,1761265658622,false
587055,113307.6,22.0,0.01941617,1761265680036,false
587056,113307.6,6.0,0.00529531,1761265680036,false
587057,113307.6,5.0,0.00441276,1761265680036,false
587058,113307.6,38.0,0.03353702,1761265680038,false
587059,113307.6,25.0,0.02206383,1761265680038,false
587060,113307.6,1.0,8.82553332,1761265680041,false
587061,113307.6,12.0,0.01059063,1761265680041,false
587062,113307.6,1.0,8.82553332,1761265680045,false
587063,113307.6,37.0,0.03265447,1761265680045,false
587064,113307.6,51.0,0.04501021,1761265680049,false
587065,113307.6,12.0,0.01059063,1761265680051,false
587066,113307.6,1.0,8.82553332,1761265680051,false
587067,113329.2,1.0,8.82385122,1761265697367,true
587068,113298.7,17.0,0.01500458,1761265737882,false
587069,113298.7,5.0,0.00441311,1761265737891,false
587070,113298.7,1.0,8.82622660,1761265737892,false
587071,113298.7,17.0,0.01500458,1761265737893,false
587072,113298.7,2.0,0.00176524,1761265737893,false
587073,113298.7,5.0,0.00441311,1761265737894,false
587074,113298.7,12.0,0.01059147,1761265737895,false
587075,113298.7,1.0,8.82622660,1761265737896,false
587076,113298.7,1.0,8.82622660,1761265737897,false
587077,113298.7,10.0,0.00882622,1761265737898,false
587078,113298.7,1.0,8.82622660,1761265737900,false
587079,113298.7,1.0,8.82622660,1761265737901,false
587080,113298.7,2.0,0.00176524,1761265737901,false
587081,113298.7,4.0,0.00353049,1761265737902,false
587082,113298.7,9.0,0.00794360,1761265737903,false
587083,113298.7,6.0,0.00529573,1761265737904,false
587084,113298.7,12.0,0.01059147,1761265737908,false
587085,113298.7,7.0,0.00617835,1761265737916,false
587086,113294.8,13.0,0.01147448,1761265772688,false
587087,113294.8,1.0,8.82653043,1761265772688,false
587088,113294.8,1.0,8.82653043,1761265772688,false
587089,113300.1,1.0,8.82611754,1761265864180,true
587090,113300.1,6.0,0.00529567,1761265864192,true
587091,113300.1,1.0,8.82611754,1761265864192,true
587092,113300.1,7.0,0.00617828,1761265864192,true
587093,113299.4,31.0,0.02736113,1761265864192,true
587094,113299.4,40.0,0.03530468,1761265864192,true
587095,113297.0,1.0,8.82635903,1761265864204,true
587096,113280.9,1.0,8.82761348,1761265872960,true
587097,113280.9,1.0,8.82761348,1761265872971,true
587098,113281.0,1.0,8.82760568,1761265900036,false
587099,113281.0,14.0,0.01235864,1761265900036,false
587100,113281.0,2.0,0.00176552,1761265900037,false
587101,113281.0,6.0,0.00529656,1761265900038,false
587102,113281.0,2.0,0.00176552,1761265900042,false
587103,113281.0,6.0,0.00529656,1761265900043,false
587104,113281.0,6.0,0.00529656,1761265900044,false
587105,113281.0,23.0,0.02030349,1761265900044,false
587106,113281.0,2.0,0.00176552,1761265900049,false
587107,113281.0,2.0,0.00176552,1761265900050,false
587108,113281.0,4.0,0.00353104,1761265900053,false
587109,113281.0,5.0,0.00441380,1761265900054,false
587110,113281.0,3.0,0.00264828,1761265900062,false
587111,113281.0,2.0,0.00176552,1761265900068,false
587112,113281.0,2.0,0.00176552,1761265900069,false
587113,113281.0,34.0,0.03001385,1761265900127,false
587114,113281.0,1.0,8.82760568,1761265900127,false
587115,113281.0,1.0,8.82760568,1761265900127,false
587116,113281.1,2.0,0.00176551,1761265900128,false
587117,113281.1,10.0,0.00882759,1761265900128,false
587118,113281.1,13.0,0.01147587,1761265900128,false
587119,113281.1,11.0,0.00971035,1761265900128,false
587120,113281.1,25.0,0.02206899,1761265900128,false
587121,113281.1,47.0,0.04148971,1761265900131,false
587122,113281.1,5.0,0.00441379,1761265900717,false
587123,113281.1,1.0,8.82759789,1761265900717,false
587124,113351.2,1.0,8.82213862,1761265920523,false
587125,113347.2,9.0,0.00794020,1761265942947,true
587126,113347.2,1.0,8.82244995,1761265942947,true
587127,113347.3,15.0,0.01323366,1761265946628,false
587128,113347.3,22.0,0.01940937,1761265946628,false
587129,113347.3,21.0,0.01852712,1761265946628,false
587130,113347.6,1.0,8.82241882,1761265946628,false
587131,113348.1,250.0,0.22055949,1761265946629,false
587132,113373.9,1.0,8.82037223,1761265946643,false
587133,113374.3,1.0,8.82034111,1761265946663,true
587134,113385.2,1.0,8.81949319,1761265946695,false
587135,113396.5,1.0,8.81861433,1761265946745,false
587136,113407.8,1.0,8.81773564,1761265946992,false
587137,113406.7,1.0,8.81782116,1761265959870,true
587138,113406.7,11.0,0.00969960,1761265959871,true
587139,113441.6,1.0,8.81510839,1761265983098,false
587140,113447.2,24.0,0.02115521,1761265983098,false
587141,113443.8,1.0,8.81493744,1761266030138,true
587142,113443.8,2.0,0.00176298,1761266030138,true
587143,113443.8,9.0,0.00793344,1761266030139,true
587144,113443.8,10.0,0.00881493,1761266030140,true
587145,113390.9,1.0,8.81904985,1761266057544,false
587146,113413.6,1.0,8.81728469,1761266057597,true
587147,113412.7,1.0,8.81735467,1761266075080,false
587148,113422.8,1.0,8.81656950,1761266076769,false
587149,113481.3,1.0,8.81202453,1761266100175,false
587150,113510.4,1.0,8.80976544,1761266107048,true
587151,113441.9,1.0,8.81508507,1761266157364,true
587152,113441.9,2.0,0.00176301,1761266161564,true
587153,113441.9,6.0,0.00528905,1761266161564,true
587154,113441.9,21.0,0.01851167,1761266161564,true
587155,113441.9,1.0,8.81508507,1761266161564,true
587156,113435.1,12.0,0.01057873,1761266188687,true
587157,113435.1,1.0,8.81561350,1761266188687,true
587158,113412.7,1.0,8.81735467,1761266211746,false
587159,113436.2,2.0,0.00176310,1761266217023,true
587160,113435.2,1.0,8.81560573,1761266246825,false
587161,113435.2,1.0,8.81560573,1761266246825,false
587162,113435.2,16.0,0.01410496,1761266246825,false
587163,113435.2,5.0,0.00440780,1761266246827,false
587164,113446.7,15.0,0.01322206,1761266246841,false
587165,113469.4,1.0,8.81294868,1761266246887,false
587166,113491.8,1.0,8.81120926,1761266247156,false
587167,113491.8,1.0,8.81120926,1761266247156,false
587168,113491.7,8.0,0.00704897,1761266255132,false
587169,113491.7,14.0,0.01233570,1761266255133,false
587170,113491.7,27.0,0.02379028,1761266255133,false
587171,113491.7,26.0,0.02290916,1761266255133,false
587172,113491.7,33.0,0.02907701,1761266255133,false
587173,113491.7,1.0,8.81121703,1761266255133,false
587174,113477.1,1.0,8.81235068,1761266286046,false
587175,113477.1,6.0,0.00528741,1761266286046,false
587176,113477.1,1.0,8.81235068,1761266286046,false
587177,113477.2,3.0,0.00264370,1761266286046,false
587178,113477.1,16.0,0.01409976,1761266292377,true
587179,113477.1,12.0,0.01057482,1761266292377,true
587180,113477.1,14.0,0.01233729,1761266292377,true
587181,113477.1,36.0,0.03172446,1761266292377,true
587182,113477.1,1.0,8.81235068,1761266292377,true
587183,113477.0,21.0,0.01850595,1761266292377,true
587184,113496.6,17.0,0.01497842,1761266296733,true
587185,113496.6,3.0,0.00264325,1761266296734,true
587186,113496.6,13.0,0.01145408,1761266296739,true
587187,113496.6,36.0,0.03171901,1761266296739,true
587188,113494.8,14.0,0.01233536,1761266296739,true
587189,113462.2,1.0,8.81350793,1761266296898,true
587190,113464.1,1.0,8.81336034,1761266322675,false
587191,113476.0,16.0,0.01409989,1761266353026,false
587192,113476.0,1.0,8.81243610,1761266353026,false
587193,113476.1,22.0,0.01938734,1761266353026,false
587194,113507.4,16.0,0.01409599,1761266398747,true
587195,113507.4,1.0,8.80999829,1761266398747,true
587196,113505.0,3.0,0.00264305,1761266398751,true
587197,113505.0,1.0,8.81018457,1761266398753,true
587198,113505.0,71.0,0.06255231,1761266398754,true
587199,113475.2,2.0,0.00176249,1761266400645,false
587200,113475.2,14.0,0.01233749,1761266400646,false
587201,113486.1,1.0,8.81165182,1761266403657,false
587202,113513.7,1.0,8.80950933,1761266408590,true
587203,113498.6,1.0,8.81068136,1761266446829,false
587204,113498.6,4.0,0.00352427,1761266446829,false
587205,113498.6,1.0,8.81068136,1761266446829,false
587206,113548.2,1.0,8.80683269,1761266467161,false
587207,113548.2,1.0,8.80683269,1761266467162,false
587208,113570.8,1.0,8.80508017,1761266467183,true
587209,113570.8,1.0,8.80508017,1761266468705,true
587210,113557.6,1.0,8.80610368,1761266471651,true
587211,113537.0,15.0,0.01321155,1761266472093,false
587212,113537.0,1.0,8.80770145,1761266472095,false
587213,113544.3,14.0,0.01232998,1761266472095,false
587214,113562.3,1.0,8.80573922,1761266472596,false
587215,113562.3,5.0,0.00440286,1761266472596,false
587216,113550.9,1.0,8.80662328,1761266478108,false
587217,113570.9,1.0,8.80507242,1761266478932,false
587218,113570.9,2.0,0.00176101,1761266478932,false
587219,113570.9,18.0,0.01584913,1761266478932,false
587220,113570.9,1.0,8.80507242,1761266478932,false
587221,113588.7,1.0,8.80369262,1761266478938,false
587222,113596.0,1.0,8.80312687,1761266482320,false
587223,113596.6,1.0,8.80308037,1761266482320,false
587224,113596.7,20.0,0.01760614,1761266482320,false
587225,113611.4,36.0,0.03168696,1761266482321,false
587226,113611.5,14.0,0.01232269,1761266482321,false
587227,113622.9,15.0,0.01320156,1761266482321,false
587228,113634.3,14.0,0.01232022,1761266482326,false
587229,113645.7,15.0,0.01319891,1761266482328,false
587230,113657.8,14.0,0.01231767,1761266482393,false
587231,113642.6,14.0,0.01231932,1761266482406,false
587232,113642.6,14.0,0.01231932,1761266482406,false
587233,113642.6,1.0,8.79951708,1761266482426,false
587234,113652.1,2.0,0.00175975,1761266483379,true
587235,113652.1,3.0,0.00263963,1761266483380,true
587236,113652.1,1.0,8.79878154,1761266483380,true
587237,113624.6,1.0,8.80091107,1761266484848,false
587238,113624.6,1.0,8.80091107,1761266484848,false
587239,113606.3,21.0,0.01848489,1761266523156,false
587240,113606.3,16.0,0.01408372,1761266523156,false
587241,113606.3,15.0,0.01320349,1761266523156,false
587242,113606.3,1.0,8.80232874,1761266523156,false
587243,113606.4,1.0,8.80232099,1761266523156,false
587244,113608.0,86.0,0.07569889,1761266523156,false
587245,113616.5,75.0,0.06601153,1761266523156,false
587246,113616.6,250.0,0.22003826,1761266523156,false
587247,113620.1,35.0,0.03080440,1761266523156,false
587248,113620.2,68.0,0.05984851,1761266523156,false
587249,113610.6,1.0,8.80199558,1761266523173,true
587250,113615.6,86.0,0.07569383,1761266535039,false
587251,113615.6,1.0,8.80160822,1761266535039,false
587252,113615.6,16.0,0.01408257,1761266535039,false
587253,113615.6,23.0,0.02024369,1761266535039,false
587254,113622.1,1.0,8.80110471,1761266536875,true
587255,113622.1,47.0,0.04136519,1761266538875,true
587256,113622.1,1.0,8.80110471,1761266538875,true
587257,113622.1,1.0,8.80110471,1761266538875,true
587258,113622.1,54.0,0.04752596,1761266538876,true
587259,113622.1,338.0,0.29747733,1761266538876,true
587260,113590.3,1.0,8.80356861,1761266540404,false
587261,113616.0,1.0,8.80157724,1761266545292,true
587262,113605.0,1.0,8.80242947,1761266555264,false
587263,113627.3,1.0,8.80070194,1761266555289,true
587264,113638.6,1.0,8.79982681,1761266567075,false
587265,113638.6,3.0,0.00263994,1761266567075,false
587266,113638.6,20.0,0.01759965,1761266567075,false
587267,113627.3,1.0,8.80070194,1761266575236,true
587268,113627.3,2.0,0.00176014,1761266575236,true
587269,113627.3,1.0,8.80070194,1761266575239,true
587270,113627.3,6.0,0.00528042,1761266575240,true
587271,113627.3,1.0,8.80070194,1761266575241,true
587272,113627.3,3.0,0.00264021,1761266575244,true
587273,113633.1,1.0,8.80025274,1761266585398,true
587274,113627.3,1.0,8.80070194,1761266598698,false
587275,113627.3,12.0,0.01056084,1761266598698,false
587276,113627.3,5.0,0.00440035,1761266598698,false
587277,113627.3,10.0,0.00880070,1761266598698,false
587278,113627.3,1.0,8.80070194,1761266598698,false
587279,113633.2,1.0,8.80024499,1761266598716,true
587280,113633.3,15.0,0.01320035,1761266599849,false
587281,113633.2,1.0,8.80024499,1761266603452,true
587282,113625.0,1.0,8.80088008,1761266604955,false
587283,113633.2,12.0,0.01056029,1761266609603,true
587284,113633.2,13.0,0.01144031,1761266609603,true
587285,113633.2,86.0,0.07568210,1761266609603,true
587286,113633.2,33.0,0.02904080,1761266609604,true
587287,113633.2,30.0,0.02640073,1761266609604,true
587288,113633.2,1.0,8.80024499,1761266609605,true
587289,113633.2,1.0,8.80024499,1761266609606,true
587290,113595.2,20.0,0.01760637,1761266626832,true
587291,113566.5,15.0,0.01320812,1761266628034,true
587292,113566.5,9.0,0.00792487,1761266628034,true
587293,113547.7,12.0,0.01056824,1761266629621,true
587294,113547.7,22.0,0.01937511,1761266629621,true
587295,113536.3,14.0,0.01233085,1761266634630,true
587296,113536.9,12.0,0.01056925,1761266642143,true
587297,113525.7,1.0,8.80857814,1761266643806,false
587298,113548.2,1.0,8.80683269,1761266658154,false
587299,113560.8,104.0,0.09158089,1761266666923,true
587300,113560.8,9.0,0.00792526,1761266666924,true
587301,113538.1,1.0,8.80761612,1761266669579,false
587302,113540.7,1.0,8.80741443,1761266700200,false
587303,113559.5,1.0,8.80595634,1761266700228,true
587304,113600.5,1.0,8.80277815,1761266752143,false
587305,113605.5,1.0,8.80239072,1761266768346,false
587306,113591.9,1.0,8.80344461,1761266776416,false
587307,113591.4,11.0,0.00968383,1761266808962,false
587308,113591.4,1.0,8.80348336,1761266808962,false
587309,113597.1,15.0,0.01320456,1761266808962,false
587310,113604.8,12.0,0.01056293,1761266808962,false
587311,113604.8,1.0,8.80244496,1761266808962,false
587312,113604.8,73.0,0.06425784,1761266808962,false
587313,113604.9,1.0,8.80243721,1761266808962,false
587314,113604.9,15.0,0.01320365,1761266808962,false
587315,113605.0,24.0,0.02112583,1761266808962,false
587316,113605.1,250.0,0.22006054,1761266808962,false
587317,113616.1,1.0,8.80156949,1761266808962,false
587318,113622.1,3.0,0.00264033,1761266808966,true
587319,113622.1,1.0,8.80110471,1761266808966,true
587320,113622.1,1.0,8.80110471,1761266808970,true
587321,113622.1,3.0,0.00264033,1761266809062,true
587322,113622.1,3.0,0.00264033,1761266809063,true
587323,113622.1,5.0,0.00440055,1761266809067,true
587324,113622.1,3.0,0.00264033,1761266809071,true
587325,113622.1,2.0,0.00176022,1761266809073,true
587326,113622.1,2.0,0.00176022,1761266809077,true
587327,113622.1,2.0,0.00176022,1761266809083,true
587328,113622.1,2.0,0.00176022,1761266809088,true
587329,113622.1,2.0,0.00176022,1761266809091,true
587330,113622.1,3.0,0.00264033,1761266809093,true
587331,113622.1,2.0,0.00176022,1761266809096,true
587332,113622.1,2.0,0.00176022,1761266809097,true
587333,113622.1,2.0,0.00176022,1761266809099,true
587334,113622.1,2.0,0.00176022,1761266809104,true
587335,113622.1,2.0,0.00176022,1761266809105,true
587336,113622.1,6.0,0.00528066,1761266809110,true
587337,113622.1,2.0,0.00176022,1761266809115,true
587338,113622.1,2.0,0.00176022,1761266809119,true
587339,113622.1,1.0,8.80110471,1761266809122,true
587340,113622.1,2.0,0.00176022,1761266809125,true
587341,113622.1,1.0,8.80110471,1761266809129,true
587342,113622.1,1.0,8.80110471,1761266809132,true
587343,113622.1,2.0,0.00176022,1761266809136,true
587344,113622.1,1.0,8.80110471,1761266809136,true
587345,113622.1,2.0,0.00176022,1761266809139,true
587346,113622.1,50.0,0.04400552,1761266809141,true
587347,113622.1,52.0,0.04576574,1761266809142,true
587348,113604.2,1.0,8.80249145,1761266839402,false
587349,113604.8,1.0,8.80244496,1761266839402,false
587350,113608.9,216.0,0.19012594,1761266839405,false
587351,113608.9,25.0,0.02200531,1761266839405,false
587352,113608.9,7.0,0.00616148,1761266839407,false
587353,113625.9,1.0,8.80081037,1761266840692,false
587354,113625.9,1.0,8.80081037,1761266840696,false
587355,113627.4,1.0,8.80069419,1761266840892,false
587356,113633.3,1.0,8.80023725,1761266841056,false
587357,113633.3,1.0,8.80023725,1761266841060,false
587358,113633.3,1.0,8.80023725,1761266841061,false
587359,113633.3,8.0,0.00704018,1761266841065,false
587360,113633.3,1.0,8.80023725,1761266841072,false
587361,113633.3,2.0,0.00176004,1761266841194,false
587362,113639.5,1.0,8.79975712,1761266841911,false
587363,113650.0,1.0,8.79894412,1761266843548,false
587364,113671.5,1.0,8.79727988,1761266847171,true
587365,113671.5,1.0,8.79727988,1761266896023,false
587366,113671.6,4.0,0.00351890,1761266896023,false
587367,113672.6,1.0,8.79719475,1761266896027,false
587368,113675.0,13.0,0.01143611,1761266898026,true
587369,113675.0,16.0,0.01407521,1761266898026,true
587370,113675.0,1.0,8.79700901,1761266898026,true
587371,113672.6,29.0,0.02551186,1761266898026,true
587372,113675.0,1.0,8.79700901,1761266912064,true
587373,113675.0,2.0,0.00175940,1761266912067,true
587374,113675.0,1.0,8.79700901,1761266912068,true
587375,113675.0,54.0,0.04750384,1761266912068,true
587376,113675.0,26.0,0.02287222,1761266912070,true
587377,113675.0,26.0,0.02287222,1761266912072,true
587378,113675.0,3.0,0.00263910,1761266912074,true
587379,113675.0,1.0,8.79700901,1761266912074,true
587380,113675.1,4.0,0.00351880,1761266919376,false
587381,113675.1,1.0,8.79700127,1761266919376,false
587382,113675.1,13.0,0.01143610,1761266919376,false
587383,113675.0,25.0,0.02199252,1761266941935,true
587384,113675.0,88.0,0.07741367,1761266941939,true
587385,113668.9,1.0,8.79748110,1761266999405,false
587386,113665.7,1.0,8.79772877,1761267008985,false
587387,113678.3,26.0,0.02287155,1761267018756,false
587388,113678.3,154.0,0.13547000,1761267018757,false
587389,113678.3,1.0,8.79675364,1761267018779,false
587390,113678.3,69.0,0.06069760,1761267018780,false
587391,113683.7,1.0,8.79633579,1761267018794,false
587392,113683.8,6.0,0.00527779,1761267018794,false
587393,113683.8,9.0,0.00791669,1761267018829,false
587394,113685.2,1.0,8.79621973,1761267018837,false
587395,113685.2,1.0,8.79621973,1761267018864,true
587396,113723.2,2.0,0.00175865,1761267019009,false
587397,113723.2,1.0,8.79328052,1761267019030,false
587398,113727.8,4.0,0.00351716,1761267019041,false
587399,113747.1,1.0,8.79143292,1761267021586,false
587400,113747.1,5.0,0.00439571,1761267021587,false
587401,113747.1,2.0,0.00175828,1761267021587,false
587402,113747.1,15.0,0.01318714,1761267021587,false
587403,113765.1,1.0,8.79004193,1761267021591,false
587404,113777.2,14.0,0.01230474,1761267021804,false
587405,113780.0,1.0,8.78889084,1761267021838,false
587406,113780.0,11.0,0.00966777,1761267021838,false
587407,113780.0,1.0,8.78889084,1761267021842,false
587408,113780.0,1.0,8.78889084,1761267021842,false
587409,113792.2,1.0,8.78794855,1761267023039,false
587410,113792.2,4.0,0.00351517,1761267023039,false
587411,113792.2,1.0,8.78794855,1761267023043,false
587412,113792.2,35.0,0.03075781,1761267023043,false
587413,113815.0,1.0,8.78618811,1761267023129,false
587414,113815.3,2.0,0.00175723,1761267023129,false
587415,113815.3,5.0,0.00439308,1761267023133,false
587416,113815.3,108.0,0.09489058,1761267026035,false
587417,113815.3,1.0,8.78616495,1761267026035,false
587418,113815.3,1.0,8.78616495,1761267026035,false
587419,113815.3,8.0,0.00702893,1761267026035,false
587420,113815.3,8.0,0.00702893,1761267026035,false
587421,113815.3,2.0,0.00175723,1761267026036,false
587422,113815.3,4.0,0.00351446,1761267026036,false
587423,113820.4,5.0,0.00439288,1761267026036,false
587424,113833.5,14.0,0.01229866,1761267026040,false
587425,113842.0,35.0,0.03074436,1761267026043,false
587426,113844.9,14.0,0.01229743,1761267026043,false
587427,113845.7,35.0,0.03074336,1761267026043,false
587428,113845.8,32.0,0.02810819,1761267026043,false
587429,113856.4,32.0,0.02810557,1761267026077,false
587430,113856.4,14.0,0.01229619,1761267026091,false
587431,113851.9,2.0,0.00175666,1761267026362,true
587432,113851.9,3.0,0.00263500,1761267026362,true
587433,113851.9,3.0,0.00263500,1761267026484,true
587434,113851.9,1.0,8.78334046,1761267026484,true
587435,113851.9,1.0,8.78334046,1761267026484,true
587436,113851.9,1.0,8.78334046,1761267026578,true
587437,113830.7,1.0,8.78497628,1761267050668,false
587438,113836.4,1.0,8.78453640,1761267050668,false
587439,113862.4,1.0,8.78253049,1761267054404,true
587440,113752.9,13.0,0.01142828,1761267087915,false
587441,113752.9,15.0,0.01318647,1761267087915,false
587442,113753.0,1.0,8.79097694,1761267087915,false
587443,113753.1,21.0,0.01846103,1761267087915,false
587444,113787.4,114.0,0.10018683,1761267101733,true
587445,113776.0,21.0,0.01845731,1761267104631,true
587446,113752.8,1.0,8.79099239,1761267106394,true
587447,113752.8,10.0,0.00879099,1761267106394,true
587448,113752.8,4.0,0.00351639,1761267106394,true
587449,113752.8,3.0,0.00263729,1761267106395,true
587450,113752.8,14.0,0.01230738,1761267106395,true
587451,113729.0,21.0,0.01846494,1761267108871,true
587452,113729.0,13.0,0.01143068,1761267108871,true
587453,113729.0,15.0,0.01318924,1761267108871,true
587454,113717.0,1.0,8.79375994,1761267110986,false
587455,113717.0,1.0,8.79375994,1761267110986,false
587456,113740.3,1.0,8.79195852,1761267125529,false
587457,113740.4,1.0,8.79195079,1761267125529,false
587458,113751.5,6.0,0.00527465,1761267149870,true
587459,113740.2,1.0,8.79196625,1761267157907,true
587460,113740.2,53.0,0.04659742,1761267157913,true
587461,113740.3,1.0,8.79195852,1761267166940,false
587462,113751.7,1.0,8.79107740,1761267169885,false
587463,113762.9,250.0,0.21975529,1761267170827,true
587464,113751.6,1.0,8.79108513,1761267172891,false
587465,113790.1,1.0,8.78811074,1761267190043,false
587466,113809.6,1.0,8.78660499,1761267192360,false
587467,113856.2,1.0,8.78300874,1761267212429,true
587468,113864.1,1.0,8.78239936,1761267223293,false
587469,113864.9,2.0,0.00175646,1761267223293,false
587470,113864.9,9.0,0.00790410,1761267223293,false
587471,113867.0,33.0,0.02898117,1761267223296,false
587472,113878.9,1.0,8.78125798,1761267223510,true
587473,113824.0,1.0,8.78549339,1761267241345,true
587474,113809.5,1.0,8.78661271,1761267241957,true
587475,113805.7,1.0,8.78690610,1761267247145,true
587476,113767.9,1.0,8.78982560,1761267252116,false
587477,113791.4,1.0,8.78801034,1761267261786,true
587478,113766.2,1.0,8.78995694,1761267279145,true
587479,113772.4,9.0,0.00791053,1761267282033,true
587480,113772.4,4.0,0.00351579,1761267282034,true
587481,113772.4,1.0,8.78947794,1761267282034,true
587482,113755.2,24.0,0.02109793,1761267288439,true
587483,113754.1,250.0,0.21977229,1761267288439,true
587484,113764.2,1.0,8.79011147,1761267313487,true
587485,113714.4,1.0,8.79396101,1761267320142,false
587486,113714.4,1.0,8.79396101,1761267320142,false
587487,113728.0,22.0,0.01934440,1761267322924,true
587488,113728.0,15.0,0.01318936,1761267322925,true
587489,113728.0,15.0,0.01318936,1761267322925,true
587490,113716.6,15.0,0.01319068,1761267322930,true
587491,113699.6,1.0,8.79510569,1761267326559,true
587492,113696.2,1.0,8.79536871,1761267345702,false
587493,113694.9,59.0,0.05189326,1761267357333,true
587494,113680.9,1.0,8.79655245,1761267372356,false
587495,113706.4,1.0,8.79457972,1761267378220,true
587496,113717.5,1.0,8.79372128,1761267430283,true
587497,113701.6,4.0,0.00351798,1761267467718,true
587498,113701.6,2.0,0.00175899,1761267467718,true
587499,113701.6,1.0,8.79495099,1761267467719,true
587500,113681.5,1.0,8.79650602,1761267468055,false
587501,113663.1,1.0,8.79793002,1761267489911,false
587502,113673.3,15.0,0.01319571,1761267531430,false
587503,113673.3,1.0,8.79714057,1761267531431,false
587504,113675.2,1.0,8.79699353,1761267531431,false
587505,113675.3,63.0,0.05542101,1761267531431,false
587506,113675.3,22.0,0.01935336,1761267531431,false
587507,113675.3,1.0,8.79698580,1761267531431,false
587508,113677.5,1.0,8.79681555,1761267582373,false
587509,113693.1,15.0,0.01319341,1761267586282,true
587510,113693.1,1.0,8.79560852,1761267586282,true
587511,113691.8,14.0,0.01231399,1761267586282,true
587512,113676.0,1.0,8.79693163,1761267638297,true
587513,113676.0,1.0,8.79693163,1761267638298,true
587514,113672.5,1.0,8.79720248,1761267638300,true
587515,113653.3,1.0,8.79868864,1761267639181,false
587516,113668.0,1.0,8.79755076,1761267645774,false
587517,113671.1,1.0,8.79731083,1761267645776,false
587518,113672.6,1.0,8.79719475,1761267645776,false
587519,113683.8,1.0,8.79632806,1761267645795,true
587520,113673.9,1.0,8.79709414,1761267654225,false
587521,113695.1,1.0,8.79545380,1761267661773,true
587522,113698.9,1.0,8.79515984,1761267668168,false
587523,113698.9,4.0,0.00351806,1761267668168,false
587524,113698.9,19.0,0.01671080,1761267668168,false
587525,113740.4,1.0,8.79195079,1761267668221,false
587526,113713.6,1.0,8.79402287,1761267774607,false
587527,113740.3,1.0,8.79195852,1761267789412,false
587528,113751.6,1.0,8.79108513,1761267789434,true
587529,113774.2,1.0,8.78933888,1761267816400,true
587530,113759.0,15.0,0.01318576,1761267818817,false
587531,113759.0,1.0,8.79051327,1761267818817,false
587532,113759.0,1.0,8.79051327,1761267818819,false
587533,113785.5,1.0,8.78846601,1761267826616,true
587534,113808.0,1.0,8.78672852,1761267856599,true
587535,113803.2,23.0,0.02021032,1761267865814,false
587536,113803.2,1.0,8.78709913,1761267865814,false
587537,113803.2,1.0,8.78709913,1761267865814,false
587538,113819.5,1.0,8.78584073,1761267889317,false
587539,113819.5,23.0,0.02020743,1761267889317,false
587540,113819.5,1.0,8.78584073,1761267889317,false
587541,113819.5,6.0,0.00527150,1761267889317,false
587542,113819.5,14.0,0.01230017,1761267889317,false
587543,113820.9,1.0,8.78573267,1761267889317,false
587544,113821.7,100.0,0.08785670,1761267889317,false
587545,113821.8,250.0,0.21964158,1761267889317,false
587546,113822.5,86.0,0.07555623,1761267889317,false
587547,113824.9,5.0,0.00439271,1761267892974,true
587548,113824.9,1.0,8.78542392,1761267892974,true
587549,113824.9,1.0,8.78542392,1761267892977,true
587550,113824.9,3.0,0.00263562,1761267893413,true
587551,113824.9,10.0,0.00878542,1761267893419,true
587552,113824.9,31.0,0.02723481,1761267901514,true
587553,113824.9,24.0,0.02108501,1761267901514,true
587554,113824.9,12.0,0.01054250,1761267901517,true
587555,113816.0,16.0,0.01405777,1761267901535,true
587556,113816.0,24.0,0.02108666,1761267901535,true
587557,113816.0,7.0,0.00615027,1761267901547,true
587558,113816.0,5.0,0.00439305,1761267901558,true
587559,113816.0,10.0,0.00878611,1761267901656,true
587560,113816.0,2.0,0.00175722,1761267901658,true
587561,113816.0,2.0,0.00175722,1761267901672,true
587562,113816.0,2.0,0.00175722,1761267901674,true
587563,113816.0,2.0,0.00175722,1761267901676,true
587564,113816.0,2.0,0.00175722,1761267901678,true
587565,113816.0,2.0,0.00175722,1761267901681,true
587566,113816.0,2.0,0.00175722,1761267901682,true
587567,113816.0,8.0,0.00702888,1761267901682,true
587568,113816.0,2.0,0.00175722,1761267901742,true
587569,113816.0,2.0,0.00175722,1761267901743,true
587570,113816.0,2.0,0.00175722,1761267901751,true
587571,113816.0,2.0,0.00175722,1761267901753,true
587572,113816.0,6.0,0.00527166,1761267901754,true
587573,113816.0,2.0,0.00175722,1761267901765,true
587574,113816.0,2.0,0.00175722,1761267901766,true
587575,113816.0,2.0,0.00175722,1761267901767,true
587576,113816.0,2.0,0.00175722,1761267901769,true
587577,113816.0,2.0,0.00175722,1761267901780,true
587578,113816.0,11.0,0.00966472,1761267901781,true
587579,113816.0,7.0,0.00615027,1761267901782,true
587580,113816.0,2.0,0.00175722,1761267901784,true
587581,113816.0,2.0,0.00175722,1761267901787,true
587582,113816.0,2.0,0.00175722,1761267901789,true
587583,113816.0,2.0,0.00175722,1761267901794,true
587584,113816.0,2.0,0.00175722,1761267901797,true
587585,113816.0,2.0,0.00175722,1761267901800,true
587586,113816.0,2.0,0.00175722,1761267901803,true
587587,113816.0,7.0,0.00615027,1761267901805,true
587588,113816.0,2.0,0.00175722,1761267901813,true
587589,113816.0,4.0,0.00351444,1761267901820,true
587590,113816.0,13.0,0.01142194,1761267901864,true
587591,113816.0,17.0,0.01493638,1761267903866,true
587592,113816.0,17.0,0.01493638,1761267903928,true
587593,113816.0,26.0,0.02284388,1761267903928,true
587594,113816.0,9.0,0.00790749,1761267903929,true
587595,113816.0,28.0,0.02460111,1761267903929,true
587596,113816.0,25.0,0.02196527,1761267903929,true
587597,113816.0,25.0,0.02196527,1761267903930,true
587598,113816.0,231.0,0.20295916,1761267903930,true
587599,113791.9,1.0,8.78797172,1761267909445,false
587600,113807.9,1.0,8.78673624,1761267916628,true
587601,113808.1,1.0,8.78672080,1761267931166,false
587602,113819.5,1.0,8.78584073,1761267933569,false
587603,113819.5,2.0,0.00175716,1761267933569,false
587604,113819.5,1.0,8.78584073,1761267933569,false
587605,113819.5,1.0,8.78584073,1761267933571,false
587606,113829.6,1.0,8.78506117,1761267981063,true
587607,113828.3,68.0,0.05973909,1761267981063,true
587608,113828.3,18.0,0.01581329,1761267981063,true
587609,113793.3,1.0,8.78786360,1761268021715,true
587610,113774.2,1.0,8.78933888,1761268089112,false
587611,113774.2,96.0,0.08437765,1761268089112,false
587612,113774.2,1.0,8.78933888,1761268089112,false
587613,113774.3,1.0,8.78933115,1761268089112,false
587614,113781.6,1.0,8.78876725,1761268089129,true
587615,113796.9,1.0,8.78758560,1761268103959,false
587616,113797.6,1.0,8.78753154,1761268103959,false
587617,113801.5,1.0,8.78723039,1761268103980,true
587618,113800.8,1.0,8.78728444,1761268119065,false
587619,113752.6,22.0,0.01934021,1761268156503,true
587620,113724.3,1.0,8.79319547,1761268163690,false
587621,113750.4,1.0,8.79117787,1761268164217,true
587622,113729.1,1.0,8.79282435,1761268210869,false
587623,113729.1,1.0,8.79282435,1761268210869,false
587624,113732.3,1.0,8.79257695,1761268211034,false
587625,113762.9,1.0,8.79021192,1761268216147,true
587626,113722.2,1.0,8.79335784,1761268239755,true
587627,113697.3,1.0,8.79528361,1761268253523,false
587628,113705.9,1.0,8.79461839,1761268283812,false
587629,113706.4,1.0,8.79457972,1761268342702,true
587630,113707.0,1.0,8.79453331,1761268358672,false
587631,113715.5,7.0,0.00615571,1761268369320,false
587632,113715.5,1.0,8.79387594,1761268369322,false
587633,113718.8,95.0,0.08353939,1761268369322,false
587634,113719.2,1.0,8.79358982,1761268369323,false
587635,113738.1,1.0,8.79212858,1761268369340,true
587636,113708.8,1.0,8.79439410,1761268455246,true
587637,113696.1,1.0,8.79537644,1761268467220,true
587638,113696.1,1.0,8.79537644,1761268467220,true
587639,113673.7,1.0,8.79710962,1761268477962,false
587640,113673.0,1.0,8.79716379,1761268507734,false
587641,113695.1,1.0,8.79545380,1761268514676,true
587642,113663.0,1.0,8.79793776,1761268543613,true
587643,113663.8,1.0,8.79787584,1761268545179,true
587644,113644.2,11.0,0.00967933,1761268549015,true
587645,113644.2,1.0,8.79939319,1761268549015,true
587646,113625.5,7.0,0.00616058,1761268550468,true
587647,113625.5,2.0,0.00176016,1761268550470,true
587648,113625.5,3.0,0.00264025,1761268550471,true
587649,113625.5,1.0,8.80084136,1761268550471,true
587650,113601.8,15.0,0.01320401,1761268550958,false
587651,113601.8,11.0,0.00968294,1761268550958,false
587652,113601.8,1.0,8.80267742,1761268550958,false
587653,113600.8,11.0,0.00968303,1761268553934,true
587654,113600.8,1.0,8.80275491,1761268553934,true
587655,113596.0,1.0,8.80312687,1761268555904,true
587656,113595.7,23.0,0.02024724,1761268555904,true
587657,113566.9,1.0,8.80538255,1761268561977,false
587658,113578.3,1.0,8.80449874,1761268567578,false
587659,113579.7,1.0,8.80439022,1761268567580,false
587660,113582.2,1.0,8.80419643,1761268568595,false
587661,113582.2,1.0,8.80419643,1761268568595,false
587662,113604.9,1.0,8.80243721,1761268569648,false
587663,113616.1,1.0,8.80156949,1761268571372,false
587664,113630.4,1.0,8.80046184,1761268573755,false
587665,113641.9,1.0,8.79957128,1761268588827,false
587666,113671.5,11.0,0.00967700,1761268603202,true
587667,113671.5,1.0,8.79727988,1761268603202,true
587668,113671.5,15.0,0.01319591,1761268603202,true
587669,113612.2,1.0,8.80187162,1761268642354,false
587670,113612.2,1.0,8.80187162,1761268642355,false
587671,113636.9,1.0,8.79995846,1761268662195,true
587672,113627.3,11.0,0.00968077,1761268677489,true
587673,113627.3,1.0,8.80070194,1761268677489,true
587674,113583.8,20.0,0.01760814,1761268707554,true
587675,113583.8,7.0,0.00616285,1761268707554,true
587676,113583.8,15.0,0.01320610,1761268707554,true
587677,113565.7,1.0,8.80547559,1761268732213,false
587678,113582.1,1.0,8.80420418,1761268732238,true
587679,113582.2,1.0,8.80419643,1761268747309,false
587680,113596.1,1.0,8.80311912,1761268754730,true
587681,113584.8,1.0,8.80399490,1761268762376,false
587682,113627.2,1.0,8.80070968,1761268807217,false
587683,113627.2,1.0,8.80070968,1761268807217,false
587684,113629.6,1.0,8.80052380,1761268859239,false
587685,113638.7,1.0,8.79981907,1761268859239,false
587686,113649.9,1.0,8.79895186,1761268864116,true
587687,113618.1,1.0,8.80141456,1761268927055,false
587688,113637.6,1.0,8.79990425,1761268934629,true
587689,113559.6,1.0,8.80594859,1761269022211,false
587690,113561.0,1.0,8.80584003,1761269022862,false
587691,113559.5,52.0,0.04579097,1761269040999,true
587692,113559.5,27.0,0.02377608,1761269040999,true
587693,113559.5,1.0,8.80595634,1761269041003,true
587694,113559.5,4.0,0.00352238,1761269041003,true
587695,113559.5,1.0,8.80595634,1761269041003,true
587696,113559.5,1.0,8.80595634,1761269041047,true
587697,113559.5,6.0,0.00528357,1761269041143,true
587698,113559.5,2.0,0.00176119,1761269041146,true
587699,113559.5,2.0,0.00176119,1761269041147,true
587700,113559.5,28.0,0.02465667,1761269041150,true
587701,113559.5,2.0,0.00176119,1761269041152,true
587702,113559.5,24.0,0.02113429,1761269041154,true
587703,113559.5,1.0,8.80595634,1761269041167,true
587704,113559.5,1.0,8.80595634,1761269041167,true
587705,113559.5,18.0,0.01585072,1761269041178,true
587706,113559.5,41.0,0.03610442,1761269041178,true
587707,113559.5,1.0,8.80595634,1761269041179,true
587708,113559.5,30.0,0.02641786,1761269041179,true
587709,113559.5,27.0,0.02377608,1761269041179,true
587710,113559.5,71.0,0.06252229,1761269041181,true
587711,113542.2,5.0,0.00440364,1761269045081,true
587712,113542.2,1.0,8.80729807,1761269045081,true
587713,113521.3,1.0,8.80891955,1761269049559,false
587714,113522.3,15.0,0.01321326,1761269055230,true
587715,113522.3,11.0,0.00968972,1761269055230,true
587716,113522.3,23.0,0.02026033,1761269055230,true
587717,113514.3,1.0,8.80946277,1761269126403,false
587718,113514.4,1.0,8.80945501,1761269126403,false
587719,113525.6,1.0,8.80858590,1761269126424,true
587720,113515.3,1.0,8.80938516,1761269136331,false
587721,113501.8,1.0,8.81043296,1761269159801,true
587722,113501.8,2.0,0.00176208,1761269162133,true
587723,113493.7,23.0,0.02026544,1761269162133,true
587724,113478.0,1.0,8.81228079,1761269166497,true
587725,113466.0,14.0,0.01233849,1761269247143,true
587726,113466.0,11.0,0.00969453,1761269247143,true
587727,113466.0,32.0,0.02820228,1761269247143,true
587728,113464.6,4.0,0.00352532,1761269247143,true
587729,113461.9,32.0,0.02820329,1761269247143,true
587730,113427.6,1.0,8.81619641,1761269300859,false
587731,113427.7,61.0,0.05377875,1761269300859,false
587732,113401.1,1.0,8.81825661,1761269339216,true
587733,113401.1,1.0,8.81825661,1761269339216,true
587734,113401.1,3.0,0.00264547,1761269339217,true
587735,113401.1,28.0,0.02469111,1761269339236,true
587736,113390.5,32.0,0.02822105,1761269339238,true
587737,113390.2,1.0,8.81910429,1761269339238,true
587738,113379.9,32.0,0.02822369,1761269339240,true
587739,113379.4,14.0,0.01234792,1761269339240,true
587740,113377.5,1.0,8.82009216,1761269339248,true
587741,113372.7,4.0,0.00352818,1761269339255,true
587742,113346.1,1.0,8.82253557,1761269357974,true
587743,113346.1,14.0,0.01235154,1761269357974,true
587744,113346.1,22.0,0.01940957,1761269357974,true
587745,113346.1,1.0,8.82253557,1761269357974,true
587746,113327.8,15.0,0.01323594,1761269362001,true
587747,113327.8,22.0,0.01941271,1761269362001,true
587748,113312.8,1.0,8.82512831,1761269374374,false
587749,113321.3,1.0,8.82446636,1761269374393,true
587750,113330.3,1.0,8.82376557,1761269380194,false
587751,113330.3,32.0,0.02823604,1761269380194,false
587752,113344.6,32.0,0.02823248,1761269380197,false
587753,113344.8,32.0,0.02823243,1761269380197,false
587754,113344.9,32.0,0.02823241,1761269380197,false
587755,113345.0,15.0,0.01323393,1761269380197,false
587756,113354.7,32.0,0.02822997,1761269380204,false
587757,113354.8,7.0,0.00617530,1761269380204,false
587758,113354.8,25.0,0.02205464,1761269380206,false
587759,113367.5,1.0,8.82087017,1761269380253,false
587760,113392.1,5.0,0.00440947,1761269385859,false
587761,113392.1,2.0,0.00176379,1761269385859,false
587762,113392.1,2.0,0.00176379,1761269385863,false
587763,113392.1,2.0,0.00176379,1761269385863,false
587764,113401.3,1.0,8.81824106,1761269385863,false
587765,113401.3,32.0,0.02821837,1761269385863,false
587766,113408.2,32.0,0.02821665,1761269385864,false
587767,113408.3,32.0,0.02821662,1761269385864,false
587768,113418.1,1.0,8.81693486,1761269385894,true
587769,113469.2,1.0,8.81296422,1761269481933,true
587770,113448.3,1.0,8.81458779,1761269507821,false
587771,113469.0,1.0,8.81297975,1761269517365,false
587772,113483.6,1.0,8.81184594,1761269517392,true
587773,113514.3,1.0,8.80946277,1761269559359,false
587774,113514.4,1.0,8.80945501,1761269559359,false
587775,113516.2,1.0,8.80931532,1761269590658,true
587776,113450.2,1.0,8.81444016,1761269670498,true
587777,113457.8,1.0,8.81384973,1761269815738,false
587778,113457.8,1.0,8.81384973,1761269815738,false
587779,113474.1,1.0,8.81258366,1761269833051,false
587780,113476.3,11.0,0.00969365,1761269841200,true
587781,113476.2,24.0,0.02114980,1761269841200,true
587782,113446.5,1.0,8.81472764,1761269841221,true
587783,113442.2,31.0,0.02732669,1761269841221,true
587784,113435.2,1.0,8.81560573,1761269841223,true
587785,113412.6,1.0,8.81736244,1761269841299,true
587786,113412.6,1.0,8.81736244,1761269841299,true
587787,113405.4,11.0,0.00969971,1761269841313,true
587788,113405.4,24.0,0.02116301,1761269841314,true
587789,113401.3,1.0,8.81824106,1761269841353,true
587790,113362.0,1.0,8.82129814,1761269857226,false
587791,113362.2,75.0,0.06615961,1761269857227,false
587792,113379.4,1.0,8.81994436,1761269857244,true
587793,113373.5,1.0,8.82040335,1761269872737,false
587794,113429.8,34.0,0.02997448,1761269898172,false
587795,113429.8,28.0,0.02468487,1761269898172,false
587796,113429.8,14.0,0.01234243,1761269898172,false
587797,113429.8,1.0,8.81602541,1761269898172,false
587798,113429.8,7.0,0.00617121,1761269898172,false
587799,113429.8,1.0,8.81602541,1761269898172,false
587800,113429.8,1.0,8.81602541,1761269898172,false
587801,113461.5,1.0,8.81356230,1761269914227,true
587802,113440.8,1.0,8.81517055,1761269937118,false
587803,113450.7,112.0,0.09872129,1761269937118,false
587804,113448.1,1.0,8.81460332,1761269949121,false
587805,113473.8,1.0,8.81260696,1761269964399,false
587806,113473.8,40.0,0.03525042,1761269964399,false
587807,113473.8,1.0,8.81260696,1761269964399,false
587808,113474.0,1.0,8.81259143,1761269964399,false
587809,113486.4,1.0,8.81162852,1761269964420,true
587810,113491.0,11.0,0.00969239,1761269980320,true
587811,113491.0,1.0,8.81127137,1761269980321,true
587812,113491.0,4.0,0.00352450,1761269980321,true
587813,113491.0,3.0,0.00264338,1761269980321,true
587814,113485.4,4.0,0.00352468,1761269986562,false
587815,113485.4,1.0,8.81170617,1761269986564,false
587816,113486.6,1.0,8.81161300,1761270000546,false
587817,113513.9,1.0,8.80949381,1761270011011,false
587818,113525.6,1.0,8.80858590,1761270025511,false
587819,113536.9,1.0,8.80770921,1761270033113,true
587820,113509.0,1.0,8.80987410,1761270082333,true
587821,113492.3,1.0,8.81117044,1761270085847,false
587822,113503.1,1.0,8.81033205,1761270085847,false
587823,113508.9,1.0,8.80988186,1761270137467,false
587824,113537.0,1.0,8.80770145,1761270140530,false
587825,113537.0,24.0,0.02113848,1761270140530,false
587826,113537.0,1.0,8.80770145,1761270140546,false
587827,113570.7,1.0,8.80508793,1761270164197,true
587828,113568.5,1.0,8.80525850,1761270244654,true
587829,113560.3,1.0,8.80589431,1761270264292,false
587830,113563.0,20.0,0.01761136,1761270264292,false
587831,113571.2,1.0,8.80504916,1761270308037,false
587832,113595.9,1.0,8.80313462,1761270314794,false
587833,113596.0,1.0,8.80312687,1761270314794,false
587834,113596.7,10.0,0.00880307,1761270314795,false
587835,113596.7,2.0,0.00176061,1761270314796,false
587836,113596.7,2.0,0.00176061,1761270314797,false
587837,113611.5,8.0,0.00704154,1761270322230,false
587838,113611.5,12.0,0.01056231,1761270322230,false
587839,113617.0,31.0,0.02728464,1761270322230,false
587840,113617.1,1.0,8.80149202,1761270322230,false
587841,113617.1,31.0,0.02728462,1761270322230,false
587842,113617.2,14.0,0.01232207,1761270322230,false
587843,113624.3,1.0,8.80093430,1761270322247,true
587844,113624.4,2.0,0.00176018,1761270343324,false
587845,113624.4,8.0,0.00704074,1761270343324,false
587846,113624.4,14.0,0.01232129,1761270343324,false
587847,113625.1,1.0,8.80087234,1761270343324,false
587848,113643.5,1.0,8.79944739,1761270343345,true
587849,113661.2,1.0,8.79807709,1761270345757,true
587850,113661.2,1.0,8.79807709,1761270345758,true
587851,113661.3,8.0,0.00703845,1761270363094,false
587852,113668.5,1.0,8.79751206,1761270371296,false
587853,113671.6,4.0,0.00351890,1761270371296,false
587854,113716.9,15.0,0.01319065,1761270390759,false
587855,113716.9,8.0,0.00703501,1761270390759,false
587856,113716.9,22.0,0.01934628,1761270390759,false
587857,113716.9,24.0,0.02110504,1761270390759,false
587858,113716.9,4.0,0.00351750,1761270390759,false
587859,113716.9,1.0,8.79376768,1761270390759,false
587860,113716.9,15.0,0.01319065,1761270390759,false
587861,113716.9,16.0,0.01407002,1761270390759,false
587862,113716.9,14.0,0.01231127,1761270390759,false
587863,113717.6,31.0,0.02726051,1761270390759,false
587864,113717.7,1.0,8.79370581,1761270390759,false
587865,113717.7,31.0,0.02726048,1761270390759,false
587866,113719.4,31.0,0.02726008,1761270390760,false
587867,113723.2,3.0,0.00263798,1761270391036,false
587868,113723.2,1.0,8.79328052,1761270391753,false
587869,113727.8,4.0,0.00351716,1761270391753,false
587870,113746.0,18.0,0.01582473,1761270394416,false
587871,113746.0,1.0,8.79151794,1761270394416,false
587872,113746.0,42.0,0.03692437,1761270394416,false
587873,113746.0,1.0,8.79151794,1761270394416,false
587874,113746.9,8.0,0.00703315,1761270418067,false
587875,113746.9,1.0,8.79144838,1761270418067,false
587876,113814.9,1.0,8.78619583,1761270456334,false
587877,113815.0,1.0,8.78618811,1761270456334,false
587878,113820.4,5.0,0.00439288,1761270458464,false
587879,113822.0,1.0,8.78564776,1761270458889,false
587880,113794.4,1.0,8.78777866,1761270480142,true
587881,113760.0,1.0,8.79043600,1761270483681,true
587882,113708.9,6.0,0.00527663,1761270540196,false
587883,113708.9,1.0,8.79438636,1761270540196,false
587884,113712.0,1.0,8.79414661,1761270540196,false
587885,113712.2,5.0,0.00439706,1761270540196,false
587886,113723.4,1.0,8.79326506,1761270540250,true
587887,113728.9,1.0,8.79283981,1761270563285,true
587888,113716.9,15.0,0.01319065,1761270585199,true
587889,113716.9,6.0,0.00527626,1761270585199,true
587890,113716.9,1.0,8.79376768,1761270585199,true
587891,113702.4,1.0,8.79488911,1761270655904,false
587892,113702.5,21.0,0.01846925,1761270655904,false
587893,113729.0,1.0,8.79283208,1761270655928,true
587894,113711.1,1.0,8.79421621,1761270715622,false
587895,113741.3,1.0,8.79188122,1761270727203,false
587896,113747.7,1.0,8.79138655,1761270788509,true
587897,113777.5,1.0,8.78908395,1761270831676,true
587898,113777.5,2.0,0.00175781,1761270831890,true
587899,113777.5,2.0,0.00175781,1761270831892,true
587900,113777.5,2.0,0.00175781,1761270831894,true
587901,113777.5,2.0,0.00175781,1761270831897,true
587902,113777.5,2.0,0.00175781,1761270831899,true
587903,113777.5,2.0,0.00175781,1761270831901,true
587904,113777.5,4.0,0.00351563,1761270831903,true
587905,113777.5,2.0,0.00175781,1761270831905,true
587906,113777.5,2.0,0.00175781,1761270831910,true
587907,113777.5,3.0,0.00263672,1761270832037,true
587908,113777.5,18.0,0.01582035,1761270833362,true
587909,113777.5,14.0,0.01230471,1761270835365,true
587910,113777.5,2.0,0.00175781,1761270835367,true
587911,113777.5,14.0,0.01230471,1761270837558,true
587912,113777.5,9.0,0.00791017,1761270837558,true
587913,113777.5,4.0,0.00351563,1761270837558,true
587914,113777.5,1.0,8.78908395,1761270837558,true
587915,113777.5,27.0,0.02373052,1761270837559,true
587916,113777.5,1.0,8.78908395,1761270837559,true
587917,113774.9,1.0,8.78928480,1761270851652,false
587918,113772.5,2.0,0.00175789,1761270876878,true
587919,113772.5,4.0,0.00351578,1761270876878,true
587920,113772.5,21.0,0.01845788,1761270876879,true
587921,113751.4,6.0,0.00527466,1761270895371,true
587922,113751.4,15.0,0.01318665,1761270895371,true
587923,113750.9,30.0,0.02637341,1761270895371,true
587924,113729.0,1.0,8.79283208,1761270895406,true
587925,113717.7,1.0,8.79370581,1761270895432,true
587926,113711.2,42.0,0.03693567,1761270895443,true
587927,113711.2,3.0,0.00263826,1761270895445,true
587928,113711.2,24.0,0.02110610,1761270895445,true
587929,113709.9,1.0,8.79430902,1761270911832,false
587930,113717.8,1.0,8.79369808,1761270913105,false
587931,113750.6,1.0,8.79116242,1761270951941,false
587932,113750.6,1.0,8.79116242,1761270951941,false
587933,113750.8,125.0,0.10988933,1761270951941,false
587934,113770.8,6.0,0.00527376,1761270959357,true
587935,113770.8,21.0,0.01845816,1761270959357,true
587936,113770.8,1.0,8.78960154,1761270959357,true
587937,113766.6,30.0,0.02636977,1761270959357,true
587938,113766.5,12.0,0.01054792,1761270959358,true
587939,113729.8,1.0,8.79277023,1761270983695,false
587940,113729.8,1.0,8.79277023,1761270983695,false
587941,113729.8,3.0,0.00263783,1761270983695,false
587942,113737.0,11.0,0.00967143,1761270983696,false
587943,113737.0,36.0,0.03165196,1761270983696,false
587944,113749.2,1.0,8.79127061,1761271126271,false
587945,113751.5,1.0,8.79109286,1761271126277,false
587946,113752.6,1.0,8.79100785,1761271131557,true
587947,113727.4,1.0,8.79295578,1761271224501,true
587948,113705.8,1.0,8.79462613,1761271231617,true
587949,113705.8,1.0,8.79462613,1761271231618,true
587950,113729.0,1.0,8.79283208,1761271281998,false
587951,113703.1,2.0,0.00175896,1761271354182,true
587952,113703.1,14.0,0.01231276,1761271354182,true
587953,113696.2,30.0,0.02638610,1761271354186,true
587954,113676.5,31.0,0.02727036,1761271354234,true
587955,113672.5,1.0,8.79720248,1761271354250,true
587956,113668.3,30.0,0.02639258,1761271354258,true
587957,113668.3,1.0,8.79752754,1761271354258,true
587958,113668.3,29.0,0.02551282,1761271354258,true
587959,113668.3,11.0,0.00967728,1761271354260,true
587960,113639.4,1.0,8.79976487,1761271366413,true
587961,113639.4,14.0,0.01231967,1761271366413,true
587962,113661.2,1.0,8.79807709,1761271385089,false
587963,113666.8,8.0,0.00703811,1761271442636,true
587964,113666.8,22.0,0.01935481,1761271442636,true
587965,113666.8,1.0,8.79764363,1761271442639,true
587966,113660.5,52.0,0.04575028,1761271442641,true
587967,113660.5,33.0,0.02903383,1761271442643,true
587968,113660.5,18.0,0.01583663,1761271442645,true
587969,113649.9,1.0,8.79895186,1761271442646,true
587970,113616.0,1.0,8.80157724,1761271469473,true
587971,113611.0,14.0,0.01232275,1761271481679,true
587972,113611.0,4.0,0.00352078,1761271481679,true
587973,113611.0,1.0,8.80196459,1761271481679,true
587974,113609.7,46.0,0.04048950,1761271481679,true
587975,113596.0,1.0,8.80312687,1761271489392,true
587976,113582.8,1.0,8.80414992,1761271495336,false
587977,113599.3,1.0,8.80287114,1761271496078,true
587978,113599.3,14.0,0.01232401,1761271496078,true
587979,113604.8,1.0,8.80244496,1761271507510,false
587980,113551.1,1.0,8.80660777,1761271574302,false
587981,113562.4,1.0,8.80573147,1761271574446,false
587982,113570.9,1.0,8.80507242,1761271575820,false
587983,113570.9,1.0,8.80507242,1761271575820,false
587984,113585.1,1.0,8.80397164,1761271588022,false
587985,113604.7,1.0,8.80245271,1761271622584,false
587986,113604.7,1.0,8.80245271,1761271622584,false
587987,113604.7,1.0,8.80245271,1761271622985,false
587988,113616.1,1.0,8.80156949,1761271623188,false
587989,113604.6,1.0,8.80246046,1761271658387,true
587990,113601.4,1.0,8.80270841,1761271675403,false
587991,113604.8,1.0,8.80244496,1761271675407,false
587992,113612.6,1.0,8.80184064,1761271702753,true
587993,113608.1,1.0,8.80218928,1761271725950,false
587994,113615.9,1.0,8.80158498,1761271725970,true
587995,113608.7,1.0,8.80214279,1761271765704,true
587996,113605.6,6.0,0.00528142,1761271765704,true
587997,113564.3,1.0,8.80558414,1761271852471,true
587998,113553.7,85.0,0.07485445,1761271895111,false
587999,113553.7,28.0,0.02465793,1761271895114,false
588000,113554.2,1.0,8.80636735,1761271895114,false
588001,113596.5,1.0,8.80308812,1761271944784,false
588002,113616.0,1.0,8.80157724,1761272101234,false
588003,113623.1,4.0,0.00352041,1761272101260,false
588004,113623.1,2.0,0.00176020,1761272101264,false
588005,113623.1,2.0,0.00176020,1761272101268,false
588006,113649.8,1.0,8.79895961,1761272122583,true
588007,113628.0,1.0,8.80064772,1761272125359,false
588008,113649.9,1.0,8.79895186,1761272187395,false
588009,113690.2,22.0,0.01935083,1761272221789,false
588010,113706.4,1.0,8.79457972,1761272226635,false
588011,113719.4,1.0,8.79357435,1761272264098,true
588012,113719.4,23.0,0.02022522,1761272264098,true
588013,113713.1,29.0,0.02550277,1761272264101,true
588014,113695.1,1.0,8.79545380,1761272264127,true
588015,113662.1,1.0,8.79800742,1761272270716,false
588016,113683.7,9.0,0.00791670,1761272280393,true
588017,113683.7,1.0,8.79633579,1761272280393,true
588018,113667.5,4.0,0.00351903,1761272281537,false
588019,113613.1,1.0,8.80180190,1761272330085,true
588020,113606.7,55.0,0.04841263,1761272330086,true
588021,113570.8,1.0,8.80508017,1761272336273,true
588022,113553.9,24.0,0.02113533,1761272346006,false
588023,113553.9,4.0,0.00352255,1761272346006,false
588024,113555.1,1.0,8.80629755,1761272346006,false
588025,113557.8,1.0,8.80608817,1761272404256,false
588026,113579.5,1.0,8.80440572,1761272429155,true
588027,113542.2,1.0,8.80729807,1761272441580,true
588028,113542.2,4.0,0.00352291,1761272441581,true
588029,113542.2,10.0,0.00880729,1761272441581,true
588030,113542.2,1.0,8.80729807,1761272441583,true
588031,113542.2,1.0,8.80729807,1761272441585,true
588032,113539.5,36.0,0.03170702,1761272441585,true
588033,113539.5,4.0,0.00352300,1761272441588,true
588034,113539.5,35.0,0.03082627,1761272441589,true
588035,113536.9,1.0,8.80770921,1761272476037,false
588036,113548.3,1.0,8.80682493,1761272476044,false
588037,113543.2,1.0,8.80722051,1761272494937,false
588038,113501.9,4.0,0.00352417,1761272613584,false
588039,113501.9,144.0,0.12687012,1761272613584,false
588040,113501.9,8.0,0.00704834,1761272613586,false
588041,113501.9,11.0,0.00969146,1761272613587,false
588042,113501.9,1.0,8.81042519,1761272613587,false
588043,113501.9,1.0,8.81042519,1761272613587,false
588044,113501.9,1.0,8.81042519,1761272613588,false
588045,113501.9,38.0,0.03347961,1761272613588,false
588046,113501.9,2.0,0.00176208,1761272613593,false
588047,113501.9,10.0,0.00881042,1761272613594,false
588048,113501.9,11.0,0.00969146,1761272613598,false
588049,113501.9,1.0,8.81042519,1761272613598,false
588050,113503.1,1.0,8.81033205,1761272613605,false
588051,113517.7,1.0,8.80919891,1761272662867,true
588052,113510.9,1.0,8.80972664,1761272728036,false
588053,113561.2,1.0,8.80582452,1761272924741,false
588054,113561.2,4.0,0.00352232,1761272924741,false
588055,113561.2,1.0,8.80582452,1761272924741,false
588056,113578.9,8.0,0.00704356,1761272985680,true
588057,113578.9,1.0,8.80445223,1761272985680,true
588058,113561.7,134.0,0.11799752,1761273111352,true
588059,113561.7,1.0,8.80578575,1761273111368,true
588060,113532.1,5.0,0.00440404,1761273123912,false
588061,113532.1,1.0,8.80808159,1761273123912,false
588062,113616.1,1.0,8.80156949,1761273137973,false
588063,113616.1,4.0,0.00352062,1761273137973,false
588064,113649.9,1.0,8.79895186,1761273164035,true
588065,113649.9,9.0,0.00791905,1761273164036,true
588066,113649.9,5.0,0.00439947,1761273164036,true
588067,113649.9,1.0,8.79895186,1761273164039,true
588068,113638.6,15.0,0.01319974,1761273164043,true
588069,113613.5,31.0,0.02728548,1761273164091,true
588070,113605.4,1.0,8.80239847,1761273222722,false
588071,113605.4,1.0,8.80239847,1761273222725,false
588072,113611.7,1.0,8.80191036,1761273242213,false
588073,113643.1,1.0,8.79947836,1761273342643,false
588074,113667.2,2.0,0.00175952,1761273359462,false
588075,113675.3,2.0,0.00175939,1761273371748,true
588076,113658.2,15.0,0.01319746,1761273386838,true
588077,113658.2,22.0,0.01935628,1761273386844,true
588078,113658.2,6.0,0.00527898,1761273386845,true
588079,113658.2,33.0,0.02903442,1761273386851,true
588080,113658.2,25.0,0.02199577,1761273386853,true
588081,113686.1,1.0,8.79615010,1761273472542,true
588082,113683.8,1.0,8.79632806,1761273472546,true
588083,113615.6,1.0,8.80160822,1761273570374,true
588084,113615.6,1.0,8.80160822,1761273570374,true
588085,113609.9,1.0,8.80204982,1761273571654,true
588086,113549.1,1.0,8.80676288,1761273599600,false
588087,113582.2,1.0,8.80419643,1761273678354,false
588088,113582.2,1.0,8.80419643,1761273678356,false
588089,113584.7,219.0,0.19280765,1761273678358,false
588090,113584.7,38.0,0.03345521,1761273678358,false
588091,113606.7,24.0,0.02112551,1761273679526,false
588092,113627.3,22.0,0.01936154,1761273681502,false
588093,113638.6,1.0,8.79982681,1761273688139,false
588094,113730.0,25.0,0.02198188,1761273739260,false
588095,113751.7,1.0,8.79107740,1761273757266,false
588096,113774.3,1.0,8.78933115,1761273758036,false
588097,113774.3,2.0,0.00175786,1761273758036,false
588098,113774.3,1.0,8.78933115,1761273758037,false
588099,113774.2,1.0,8.78933888,1761273786110,true
588100,113755.2,2.0,0.00175816,1761273834798,false
588101,113763.0,1.0,8.79020419,1761273834798,false
588102,113765.0,67.0,0.05889333,1761273834798,false
588103,113796.9,1.0,8.78758560,1761273847523,false
588104,113815.0,1.0,8.78618811,1761273853464,false
588105,113815.0,1.0,8.78618811,1761273853464,false
588106,113805.9,13.0,0.01142295,1761273871315,true
588107,113805.9,1.0,8.78689066,1761273871315,true
588108,113795.3,1.0,8.78770915,1761273873971,false
588109,113820.4,5.0,0.00439288,1761273875687,false
588110,113845.7,1.0,8.78381880,1761273907006,true
588111,113836.8,1.0,8.78450553,1761273910764,true
588112,113796.9,1.0,8.78758560,1761274205657,false
588113,113808.2,1.0,8.78671308,1761274212873,false
588114,113808.2,1.0,8.78671308,1761274212873,false
588115,113810.0,1.0,8.78657411,1761274224182,true
588116,113801.8,1.0,8.78720723,1761274322931,true
588117,113789.1,1.0,8.78818797,1761274346500,false
588118,113789.1,4.0,0.00351527,1761274346501,false
588119,113789.1,1.0,8.78818797,1761274346501,false
588120,113834.2,1.0,8.78470617,1761274417263,false
588121,113834.2,2.0,0.00175694,1761274418075,false
588122,113834.2,7.0,0.00614929,1761274418076,false
588123,113845.8,32.0,0.02810819,1761274431845,false
588124,113846.2,20.0,0.01756756,1761274431845,false
588125,113856.3,1.0,8.78300102,1761274434194,true
588126,113856.2,1.0,8.78300874,1761274459191,false
588127,113856.4,1.0,8.78299331,1761274459208,false
588128,113856.4,10.0,0.00878299,1761274459213,false
588129,113856.4,2.0,0.00175659,1761274459232,false
588130,113856.4,1.0,8.78299331,1761274459245,false
588131,113856.4,1.0,8.78299331,1761274459246,false
588132,113856.4,1.0,8.78299331,1761274459248,false
588133,113856.4,16.0,0.01405278,1761274459256,false
588134,113867.0,23.0,0.02019900,1761274459499,false
588135,113867.0,3.0,0.00263465,1761274459502,false
588136,113867.0,4.0,0.00351287,1761274459507,false
588137,113867.0,2.0,0.00175643,1761274461665,false
588138,113867.0,1.0,8.78217569,1761274461680,false
588139,113849.6,10.0,0.00878351,1761274496483,false
588140,113879.0,3.0,0.00263437,1761274496632,false
588141,113879.0,1.0,8.78125027,1761274496710,false
588142,113908.2,1.0,8.77899922,1761274501345,false
588143,113928.3,5.0,0.00438872,1761274502040,false
588144,113928.3,1.0,8.77745037,1761274502040,false
588145,113936.9,14.0,0.01228750,1761274502042,false
588146,113945.0,3.0,0.00263284,1761274502048,false
588147,113945.0,23.0,0.02018517,1761274502048,false
588148,113958.8,15.0,0.01316265,1761274502059,false
588149,113984.9,10.0,0.00877309,1761274502077,false
588150,113993.0,10.0,0.00877246,1761274502108,false
588151,113981.6,5.0,0.00438667,1761274502194,false
588152,113981.6,5.0,0.00438667,1761274502194,false
588153,113981.5,5.0,0.00438667,1761274502324,true
588154,113977.6,147.0,0.12897271,1761274514120,true
588155,113977.6,12.0,0.01052838,1761274514120,true
588156,113977.6,74.0,0.06492503,1761274514120,true
588157,113977.6,17.0,0.01491521,1761274514121,true
588158,113977.6,1.0,8.77365377,1761274514121,true
588159,113931.1,2.0,0.00175544,1761274519774,true
588160,113931.1,1.0,8.77723466,1761274519774,true
588161,113931.1,1.0,8.77723466,1761274519775,true
588162,113923.0,3.0,0.00263335,1761274541351,false
588163,113923.0,10.0,0.00877785,1761274541351,false
588164,113923.0,1.0,8.77785872,1761274541351,false
588165,113924.1,23.0,0.02018888,1761274541351,false
588166,113932.2,20.0,0.01755429,1761274549031,true
588167,113932.2,3.0,0.00263314,1761274549031,true
588168,113904.1,1.0,8.77931523,1761274553933,true
588169,113903.1,1.0,8.77939230,1761274577646,true
588170,113866.2,1.0,8.78223739,1761274599556,true
588171,113829.1,10.0,0.00878509,1761274618851,false
588172,113829.1,1.0,8.78509976,1761274618851,false
588173,113850.6,9.0,0.00790509,1761274637722,true
588174,113850.6,14.0,0.01229681,1761274637722,true
588175,113850.6,14.0,0.01229681,1761274637723,true
588176,113850.6,1.0,8.78344075,1761274637723,true
588177,113850.6,3.0,0.00263503,1761274637723,true
588178,113772.9,10.0,0.00878943,1761274661554,false
588179,113772.9,1.0,8.78943931,1761274661554,false
588180,113800.3,113.0,0.09929675,1761274697411,false
588181,113800.3,55.0,0.04833027,1761274697412,false
588182,113800.3,38.0,0.03339182,1761274697412,false
588183,113800.3,303.0,0.26625588,1761274697413,false
588184,113800.3,1.0,8.78732305,1761274697415,false
588185,113800.3,1.0,8.78732305,1761274697416,false
588186,113800.3,152.0,0.13356731,1761274697416,false
588187,113823.3,5.0,0.00439277,1761274736220,true
588188,113823.3,1.0,8.78554742,1761274736220,true
588189,113823.3,2.0,0.00175710,1761274736220,true
588190,113760.5,1.0,8.79039736,1761274754726,true
588191,113752.8,1.0,8.79099239,1761274790823,true
588192,113723.3,10.0,0.00879327,1761274819286,false
588193,113723.3,1.0,8.79327279,1761274819287,false
588194,113788.8,3.0,0.00263646,1761274906831,true
588195,113788.4,5.0,0.00439412,1761274906831,true
588196,113777.4,14.0,0.01230472,1761274906832,true
588197,113748.2,3.0,0.00263740,1761274939512,true
588198,113748.2,232.0,0.20395927,1761274939512,true
588199,113740.3,1.0,8.79195852,1761274939547,true
588200,113723.2,3.0,0.00263798,1761274939650,true
588201,113676.7,21.0,0.01847344,1761274950953,true
588202,113674.1,1.0,8.79707866,1761275000736,false
588203,113675.1,3.0,0.00263910,1761275014595,false
588204,113675.1,4.0,0.00351880,1761275014595,false
588205,113675.1,2.0,0.00175940,1761275014597,false
588206,113675.1,3.0,0.00263910,1761275014599,false
588207,113675.1,11.0,0.00967670,1761275014600,false
588208,113675.1,2.0,0.00175940,1761275014603,false
588209,113679.8,15.0,0.01319495,1761275015107,true
588210,113679.8,3.0,0.00263899,1761275015107,true
588211,113679.8,28.0,0.02463058,1761275015107,true
588212,113679.8,22.0,0.01935260,1761275015107,true
588213,113675.1,28.0,0.02463160,1761275015107,true
588214,113673.3,28.0,0.02463199,1761275015107,true
588215,113673.2,28.0,0.02463201,1761275015107,true
588216,113671.6,4.0,0.00351890,1761275015119,true
588217,113639.9,2.0,0.00175994,1761275031696,true
588218,113639.9,2.0,0.00175994,1761275031697,true
588219,113639.9,11.0,0.00967969,1761275031697,true
588220,113639.9,3.0,0.00263991,1761275031697,true
588221,113639.9,21.0,0.01847942,1761275031697,true
588222,113648.0,24.0,0.02111783,1761275046093,true
588223,113648.0,1.0,8.79909897,1761275046093,true
588224,113616.1,1.0,8.80156949,1761275054697,false
588225,113616.1,12.0,0.01056188,1761275054697,false
588226,113616.1,12.0,0.01056188,1761275054698,false
588227,113616.1,1.0,8.80156949,1761275054698,false
588228,113627.4,1.0,8.80069419,1761275054706,false
588229,113601.3,1.0,8.80271616,1761275190458,true
588230,113601.3,9.0,0.00792244,1761275190485,true
588231,113601.3,1.0,8.80271616,1761275190485,true
588232,113604.2,1.0,8.80249145,1761275214038,false
588233,113604.2,3.0,0.00264074,1761275214038,false
588234,113611.8,28.0,0.02464532,1761275214041,false
588235,113621.0,1.0,8.80118992,1761275235824,false
588236,113621.0,1.0,8.80118992,1761275235825,false
588237,113690.5,1.0,8.79580967,1761275557177,true
588238,113685.8,20.0,0.01759234,1761275557179,true
588239,113685.8,38.0,0.03342545,1761275557181,true
588240,113620.7,3.0,0.00264036,1761275621317,false
588241,113620.7,1.0,8.80121315,1761275621317,false
588242,113615.3,3.0,0.00264048,1761275803919,false
588243,113615.3,1.0,8.80163147,1761275803921,false
588244,113717.7,250.0,0.21984264,1761276083597,true
588245,113717.7,4.0,0.00351748,1761276083597,true
588246,113717.7,21.0,0.01846678,1761276083597,true
588247,113695.3,1.0,8.79543833,1761276220518,false
588248,113703.0,30.0,0.02638452,1761276220520,false
588249,113703.0,5.0,0.00439742,1761276220521,false
588250,113703.0,40.0,0.03517937,1761276220521,false
588251,113717.7,1.0,8.79370581,1761276222846,true
588252,113717.7,15.0,0.01319055,1761276222846,true
588253,113717.7,22.0,0.01934615,1761276222846,true
588254,113718.1,4.0,0.00351746,1761276274088,true
588255,113718.1,15.0,0.01319051,1761276274088,true
588256,113718.1,22.0,0.01934608,1761276274088,true
588257,113678.1,1.0,8.79676912,1761276302540,true
588258,113672.4,1.0,8.79721022,1761276376976,true
588259,113639.4,1.0,8.79976487,1761276426331,true
588260,113639.4,5.0,0.00439988,1761276426331,true
588261,113639.4,2.0,0.00175995,1761276426331,true
588262,113638.6,15.0,0.01319974,1761276490491,true
588263,113638.6,4.0,0.00351993,1761276490491,true
588264,113638.6,3.0,0.00263994,1761276490491,true
588265,113616.1,1.0,8.80156949,1761276542487,false
588266,113616.0,1.0,8.80157724,1761276602577,true
588267,113604.7,1.0,8.80245271,1761276602578,true
588268,113604.6,15.0,0.01320369,1761276602578,true
588269,113596.0,1.0,8.80312687,1761276615006,true
588270,113596.0,15.0,0.01320469,1761276615006,true
588271,113592.1,250.0,0.22008572,1761276615006,true
588272,113616.0,1.0,8.80157724,1761276635048,true
588273,113568.8,1.0,8.80523524,1761276638482,true
588274,113568.8,3.0,0.00264157,1761276638482,true
588275,113568.8,1.0,8.80523524,1761276638482,true
588276,113559.5,1.0,8.80595634,1761276638482,true
588277,113550.5,14.0,0.01232931,1761276638482,true
588278,113548.9,8.0,0.00704542,1761276638482,true
588279,113542.2,5.0,0.00440364,1761276638565,true
588280,113535.1,24.0,0.02113883,1761276639064,false
588281,113565.2,1.0,8.80551436,1761276641676,true
588282,113565.2,3.0,0.00264165,1761276641676,true
588283,113524.4,1.0,8.80867901,1761276761829,true
588284,113525.7,1.0,8.80857814,1761276815656,false
588285,113536.9,15.0,0.01321156,1761276816964,true
588286,113536.9,4.0,0.00352308,1761276816964,true
588287,113536.9,1.0,8.80770921,1761276816964,true
588288,113514.4,4.0,0.00352378,1761276843066,false
588289,113514.4,1.0,8.80945501,1761276843066,false
588290,113501.8,3.0,0.00264312,1761276861235,true
588291,113484.5,24.0,0.02114826,1761276868532,true
588292,113472.3,1.0,8.81272345,1761276870036,true
588293,113472.3,14.0,0.01233781,1761276870036,true
588294,113472.3,20.0,0.01762544,1761276870036,true
588295,113478.7,5.0,0.00440611,1761276878442,true
588296,113478.7,1.0,8.81222643,1761276878442,true
588297,113478.7,15.0,0.01321833,1761276878442,true
588298,113477.6,250.0,0.22030779,1761276878442,true
588299,113478.2,1.0,8.81226526,1761276885780,true
588300,113464.6,4.0,0.00352532,1761276916045,true
588301,113464.6,15.0,0.01321998,1761276916045,true
588302,113464.6,1.0,8.81332151,1761276916046,true
588303,113459.5,861.0,0.75886109,1761276920744,true
588304,113459.5,115.0,0.10135775,1761276920745,true
588305,113459.5,171.0,0.15071457,1761276920748,true
588306,113459.5,60.0,0.05288230,1761276920752,true
588307,113459.5,59.0,0.05200093,1761276920758,true
588308,113459.5,93.0,0.08196757,1761276920773,true
588309,113459.5,30.0,0.02644115,1761276920780,true
588310,113459.5,119.0,0.10488324,1761276920781,true
588311,113459.5,45.0,0.03966172,1761276920782,true
588312,113459.5,48.0,0.04230584,1761276920783,true
588313,113459.5,3.0,0.00264411,1761276920784,true
588314,113459.5,38.0,0.03349212,1761276920784,true
588315,113459.5,1.0,8.81371767,1761276920786,true
588316,113459.5,197.0,0.17363023,1761276920787,true
588317,113459.5,1.0,8.81371767,1761276920793,true
588318,113459.5,10.0,0.00881371,1761276920794,true
588319,113459.5,3.0,0.00264411,1761276920918,true
588320,113459.5,41.0,0.03613624,1761276920932,true
588321,113459.5,44.0,0.03878035,1761276920932,true
588322,113459.5,3.0,0.00264411,1761276920934,true
588323,113459.5,18.0,0.01586469,1761276920934,true
588324,113459.5,11.0,0.00969508,1761276920934,true
588325,113459.5,38.0,0.03349212,1761276920934,true
588326,113459.5,1.0,8.81371767,1761276920935,true
588327,113459.5,1.0,8.81371767,1761276920935,true
588328,113459.5,1.0,8.81371767,1761276920936,true
588329,113459.5,13.0,0.01145783,1761276920936,true
588330,113459.5,17.0,0.01498332,1761276920936,true
588331,113459.5,42.0,0.03701761,1761276920936,true
588332,113459.5,3.0,0.00264411,1761276920938,true
588333,113459.5,25.0,0.02203429,1761276920938,true
588334,113459.5,1.0,8.81371767,1761276920939,true
588335,113459.5,1.0,8.81371767,1761276920939,true
588336,113459.5,3.0,0.00264411,1761276920940,true
588337,113459.5,1.0,8.81371767,1761276920943,true
588338,113459.5,7.0,0.00616960,1761276920944,true
588339,113459.5,1.0,8.81371767,1761276920948,true
588340,113459.5,1.0,8.81371767,1761276920949,true
588341,113459.5,33.0,0.02908526,1761276920949,true
588342,113459.5,15.0,0.01322057,1761276920951,true
588343,113459.5,2.0,0.00176274,1761276920955,true
588344,113459.5,3.0,0.00264411,1761276920955,true
588345,113459.5,1.0,8.81371767,1761276920956,true
588346,113459.5,3.0,0.00264411,1761276920961,true
588347,113459.5,1.0,8.81371767,1761276920962,true
588348,113459.5,1.0,8.81371767,1761276920962,true
588349,113459.5,3.0,0.00264411,1761276920964,true
588350,113459.5,25.0,0.02203429,1761276920966,true
588351,113418.2,1.0,8.81692708,1761276939053,false
588352,113451.7,1.0,8.81432362,1761276966469,false
588353,113451.7,1.0,8.81432362,1761276966469,false
588354,113457.9,1.0,8.81384196,1761276966472,false
588355,113463.1,1.0,8.81343802,1761276966472,false
588356,113463.1,2.0,0.00176268,1761276966474,false
588357,113464.6,1.0,8.81332151,1761277024562,false
588358,113489.6,1.0,8.81138007,1761277031830,false
588359,113489.6,1.0,8.81138007,1761277031830,false
588360,113489.6,248.0,0.21852222,1761277031831,false
588361,113489.6,1.0,8.81138007,1761277031831,false
588362,113491.8,1.0,8.81120926,1761277031838,false
588363,113514.4,1.0,8.80945501,1761277033847,false
588364,113514.4,1.0,8.80945501,1761277033847,false
588365,113525.7,1.0,8.80857814,1761277036600,false
588366,113526.1,1.0,8.80854710,1761277036604,false
588367,113536.5,1.0,8.80774024,1761277073687,true
588368,113525.7,1.0,8.80857814,1761277080442,false
588369,113537.0,1.0,8.80770145,1761277108182,false
588370,113548.3,1.0,8.80682493,1761277109560,false
588371,113550.6,3.0,0.00264199,1761277117777,true
588372,113550.6,1.0,8.80664655,1761277117777,true
588373,113498.9,1.0,8.81065807,1761277172259,false
588374,113514.4,1.0,8.80945501,1761277202297,false
588375,113525.7,1.0,8.80857814,1761277216684,false
588376,113537.0,1.0,8.80770145,1761277219471,false
588377,113570.8,1.0,8.80508017,1761277250627,true
588378,113559.6,1.0,8.80594859,1761277267438,false
588379,113582.2,1.0,8.80419643,1761277333002,false
588380,113582.8,1.0,8.80414992,1761277333002,false
588381,113593.5,3.0,0.00264099,1761277334047,false
588382,113633.5,3.0,0.00264006,1761277387597,false
588383,113636.0,1.0,8.80002816,1761277387597,false
588384,113636.0,95.0,0.08360026,1761277387599,false
588385,113651.1,1.0,8.79885896,1761277441390,true
588386,113632.2,14.0,0.01232045,1761277441396,true
588387,113615.9,14.0,0.01232221,1761277441400,true
588388,113610.5,32.0,0.02816641,1761277441400,true
588389,113596.0,40.0,0.03521250,1761277441445,true
588390,113593.4,1.0,8.80332836,1761277441447,true
588391,113582.7,1.0,8.80415767,1761277441513,true
588392,113582.1,1.0,8.80420418,1761277441515,true
588393,113582.2,1.0,8.80419643,1761277487151,false
588394,113526.0,1.0,8.80855486,1761277718882,true
588395,113526.0,1.0,8.80855486,1761277718882,true
588396,113526.0,14.0,0.01233197,1761277718883,true
588397,113526.0,3.0,0.00264256,1761277718883,true
588398,113526.0,1.0,8.80855486,1761277718883,true
588399,113525.6,3.0,0.00264257,1761277727614,true
588400,113525.6,14.0,0.01233202,1761277727614,true
588401,113525.6,24.0,0.02114060,1761277727614,true
588402,113511.7,14.0,0.01233353,1761277727618,true
588403,113491.8,1.0,8.81120926,1761277730321,false
588404,113491.8,2.0,0.00176224,1761277730322,false
588405,113475.6,14.0,0.01233745,1761277802728,true
588406,113475.6,3.0,0.00264374,1761277802728,true
588407,113475.6,22.0,0.01938742,1761277802728,true
588408,113475.6,1.0,8.81246717,1761277802728,true
588409,113469.3,1.0,8.81295645,1761277802728,true
588410,113504.6,20.0,0.01762043,1761277962535,true
588411,113504.6,3.0,0.00264306,1761277962535,true
588412,113504.6,15.0,0.01321532,1761277962535,true
588413,113504.0,27.0,0.02378770,1761277962535,true
588414,113496.4,3.0,0.00264325,1761277987365,false
588415,113616.7,24.0,0.02112365,1761278242261,true
588416,113616.7,1.0,8.80152301,1761278242262,true
588417,113564.8,3.0,0.00264166,1761278254322,false
588418,113564.8,21.0,0.01849164,1761278254322,false
588419,113564.8,1.0,8.80554538,1761278254322,false
588420,113616.0,1.0,8.80157724,1761278299074,false
588421,113627.3,2.0,0.00176014,1761278315633,true
588422,113627.3,26.0,0.02288182,1761278315633,true
588423,113581.6,22.0,0.01936933,1761278450786,true
588424,113581.6,1.0,8.80424294,1761278450787,true
588425,113581.6,2.0,0.00176084,1761278450787,true
588426,113581.6,5.0,0.00440212,1761278450787,true
588427,113526.0,1.0,8.80855486,1761278557255,true
588428,113525.6,1.0,8.80858590,1761278557256,true
588429,113509.0,21.0,0.01850073,1761278569482,true
588430,113509.0,15.0,0.01321481,1761278569482,true
588431,113538.7,1.0,8.80756957,1761278734926,true
588432,113528.6,21.0,0.01849754,1761278743915,false
588433,113528.6,1.0,8.80835313,1761278743915,false
588434,113528.6,2.0,0.00176167,1761278743915,false
588435,113528.6,14.0,0.01233169,1761278743916,false
588436,113530.8,51.0,0.04492173,1761278743916,false
588437,113548.3,1.0,8.80682493,1761278773836,false
588438,113590.8,2.0,0.00176070,1761278780097,false
588439,113619.6,1.0,8.80129836,1761278793038,false
588440,113611.4,1.0,8.80193360,1761278826059,true
588441,113638.6,2.0,0.00175996,1761278925141,true
588442,113638.6,20.0,0.01759965,1761278925141,true
588443,113638.6,15.0,0.01319974,1761278925141,true
588444,113614.7,14.0,0.01232234,1761279008684,true
588445,113612.1,70.0,0.06161315,1761279008684,true
588446,113612.1,26.0,0.02288488,1761279008684,true
588447,113612.0,121.0,0.10650283,1761279008684,true
588448,113627.4,24.0,0.02112166,1761279088254,false
588449,113660.6,18.0,0.01583662,1761279102463,false
588450,113660.6,2.0,0.00175962,1761279102463,false
588451,113671.5,1.0,8.79727988,1761279112032,true
588452,113671.6,1.0,8.79727214,1761279144255,false
588453,113671.6,1.0,8.79727214,1761279144257,false
588454,113671.6,2.0,0.00175945,1761279144292,false
588455,113716.9,1.0,8.79376768,1761279202208,true
588456,113723.2,1.0,8.79328052,1761279215150,false
588457,113723.2,1.0,8.79328052,1761279215153,false
588458,113723.2,1.0,8.79328052,1761279215190,false
588459,113789.4,2.0,0.00175763,1761279269734,false
588460,113789.4,7.0,0.00615171,1761279269734,false
588461,113789.4,1.0,8.78816480,1761279269735,false
588462,113796.9,1.0,8.78758560,1761279277932,false
588463,113796.9,1.0,8.78758560,1761279277932,false
588464,113751.6,1.0,8.79108513,1761279325079,true
588465,113751.7,1.0,8.79107740,1761279329953,false
588466,113762.9,22.0,0.01933846,1761279336127,true
588467,113756.0,13.0,0.01142796,1761279351208,true
588468,113756.0,2.0,0.00175814,1761279351209,true
588469,113756.0,15.0,0.01318611,1761279351209,true
588470,113756.0,2.0,0.00175814,1761279351209,true
588471,113767.1,2.0,0.00175797,1761279363397,true
588472,113749.4,40.0,0.03516502,1761279446831,false
588473,113749.4,163.0,0.14329745,1761279446847,false
588474,113749.4,2.0,0.00175825,1761279446849,false
588475,113749.4,70.0,0.06153878,1761279446854,false
588476,113749.4,19.0,0.01670338,1761279446860,false
588477,113749.4,31.0,0.02725289,1761279446861,false
588478,113749.4,98.0,0.08615430,1761279446864,false
588479,113749.4,1.0,8.79125516,1761279446866,false
588480,113749.4,9.0,0.00791212,1761279446866,false
588481,113749.4,63.0,0.05538490,1761279446867,false
588482,113749.4,1.0,8.79125516,1761279446868,false
588483,113749.4,16.0,0.01406600,1761279446870,false
588484,113749.4,65.0,0.05714315,1761279446871,false
588485,113749.4,30.0,0.02637376,1761279446871,false
588486,113749.4,8.0,0.00703300,1761279446873,false
588487,113749.4,122.0,0.10725331,1761279446873,false
588488,113749.4,4.0,0.00351650,1761279446873,false
588489,113749.4,1.0,8.79125516,1761279446874,false
588490,113749.4,44.0,0.03868152,1761279446874,false
588491,113749.4,165.0,0.14505571,1761279446878,false
588492,113802.7,250.0,0.21967844,1761279459355,true
588493,113759.4,2.0,0.00175809,1761279468078,true
588494,113749.3,15.0,0.01318689,1761279468079,true
588495,113698.5,1.0,8.79519078,1761279518310,true
588496,113740.4,1.0,8.79195079,1761279665296,false
588497,113740.4,1.0,8.79195079,1761279665297,false
588498,113767.6,1.0,8.78984877,1761279678767,false
588499,113762.0,1.0,8.79028146,1761279721248,true
588500,113811.7,2.0,0.00175728,1761279808450,false
588501,113811.7,17.0,0.01493695,1761279808450,false
588502,113811.7,3.0,0.00263593,1761279808450,false
588503,113811.7,14.0,0.01230102,1761279808452,false
588504,113811.7,1.0,8.78644287,1761279808452,false
588505,113815.0,1.0,8.78618811,1761279808452,false
588506,113820.4,5.0,0.00439288,1761279808456,false
588507,113823.4,15.0,0.01317830,1761279808456,false
588508,113834.8,15.0,0.01317698,1761279808456,false
588509,113864.7,1.0,8.78235309,1761279808565,false
588510,113876.0,1.0,8.78148161,1761279813117,false
588511,113876.0,1.0,8.78148161,1761279813117,false
588512,113876.0,19.0,0.01668481,1761279813118,false
588513,113879.0,4.0,0.00351250,1761279813120,false
588514,113891.6,12.0,0.01053633,1761279813120,false
588515,113891.6,3.0,0.00263408,1761279813127,false
588516,113902.5,2.0,0.00175588,1761279814037,false
588517,113908.2,1.0,8.77899922,1761279825170,false
588518,113908.2,1.0,8.77899922,1761279825170,false
588519,113908.2,15.0,0.01316849,1761279825170,false
588520,113908.2,1.0,8.77899922,1761279825171,false
588521,113933.2,21.0,0.01843185,1761279834392,false
588522,113933.2,2.0,0.00175541,1761279834392,false
588523,113933.2,15.0,0.01316560,1761279834392,false
588524,113945.0,3.0,0.00263284,1761279834396,false
588525,113953.4,33.0,0.02895920,1761279834396,false
588526,113955.4,14.0,0.01228550,1761279834399,false
588527,113973.9,2.0,0.00175478,1761279837326,true
588528,113984.9,1.0,8.77309187,1761279842240,false
588529,113984.9,1.0,8.77309187,1761279842249,false
588530,113984.9,1.0,8.77309187,1761279842258,false
588531,113984.9,1.0,8.77309187,1761279842259,false
588532,113984.9,6.0,0.00526385,1761279842259,false
588533,114000.0,342.0,0.3,1761279842472,false
588534,114004.6,23.0,0.02017462,1761279842472,false
588535,114021.3,1.0,8.77029116,1761279844765,true
588536,114011.5,1.0,8.77104502,1761279844773,true
588537,113972.1,1.0,8.77407716,1761279848141,true
588538,113972.1,1.0,8.77407716,1761279848141,true
588539,113962.1,1.0,8.77484707,1761279856900,true
588540,113951.4,1.0,8.77567103,1761279892855,true
588541,113951.4,1.0,8.77567103,1761279892855,true
588542,113951.4,1.0,8.77567103,1761279892855,true
588543,113966.3,1.0,8.77452369,1761279893426,true
588544,113939.3,250.0,0.21941507,1761279910609,true
588545,113988.9,2.0,0.00175455,1761279946742,true
588546,113966.3,1.0,8.77452369,1761279946751,true
588547,114024.9,15.0,0.01315502,1761279982943,false
588548,114034.4,1.0,8.76928365,1761279982943,false
588549,114036.7,250.0,0.21922766,1761279982943,false
588550,114038.6,15.0,0.01315344,1761279982943,false
588551,114082.8,4.0,0.00350622,1761279984076,false
588552,114084.9,5.0,0.00438270,1761279984076,false
588553,114086.8,2.0,0.00175305,1761279984076,false
588554,114086.7,11.0,0.00964178,1761279984273,true
588555,114086.7,1.0,8.76526361,1761279984279,true
588556,114065.3,24.0,0.02104057,1761279985038,false
588557,114065.3,2.0,0.00175338,1761279985038,false
588558,114079.4,1.0,8.76582450,1761279985040,false
588559,114080.9,14.0,0.01227199,1761279985040,false
588560,114086.8,2.0,0.00175305,1761279985044,false
588561,114077.3,13.0,0.01139578,1761279987640,false
588562,114077.3,2.0,0.00175319,1761279987640,false
588563,114077.3,26.0,0.02279156,1761279987640,false
588564,114077.3,23.0,0.02016176,1761279987640,false
588565,114077.3,41.0,0.03594054,1761279987640,false
588566,114077.3,1.0,8.76598587,1761279987640,false
588567,114079.1,8.0,0.00701267,1761279987640,false
588568,114079.2,26.0,0.02279118,1761279987640,false
588569,114079.4,14.0,0.01227215,1761279987640,false
588570,114087.1,7.0,0.00613566,1761279987640,false
588571,114087.2,96.0,0.08414616,1761279987641,false
588572,114099.3,3.0,0.00262928,1761279991458,false
588573,114099.3,2.0,0.00175285,1761279991458,false
588574,114147.6,1.0,8.76058716,1761279997257,true
588575,114147.6,199.0,0.17433568,1761279997258,true
588576,114147.6,1.0,8.76058716,1761279997258,true
588577,114147.6,1.0,8.76058716,1761279997261,true
588578,114158.4,11.0,0.00963573,1761280005004,true
588579,114158.4,2.0,0.00175195,1761280005025,true
588580,114158.4,3.0,0.00262792,1761280005033,true
588581,114158.4,7.0,0.00613183,1761280005040,true
588582,114158.4,10.0,0.00875975,1761280005043,true
588583,114158.4,2.0,0.00175195,1761280005128,true
588584,114158.4,2.0,0.00175195,1761280005137,true
588585,114158.4,2.0,0.00175195,1761280005141,true
588586,114158.4,2.0,0.00175195,1761280005149,true
588587,114158.4,4.0,0.00350390,1761280005155,true
588588,114158.4,2.0,0.00175195,1761280005158,true
588589,114158.4,2.0,0.00175195,1761280005173,true
588590,114158.4,2.0,0.00175195,1761280005193,true
588591,114158.4,1.0,8.75975837,1761280005200,true
588592,114158.4,2.0,0.00175195,1761280005200,true
588593,114158.4,1.0,8.75975837,1761280005200,true
588594,114158.4,2.0,0.00175195,1761280005204,true
588595,114158.4,5.0,0.00437987,1761280005215,true
588596,114158.4,3.0,0.00262792,1761280005230,true
588597,114158.4,9.0,0.00788378,1761280005235,true
588598,114158.4,2.0,0.00175195,1761280005255,true
588599,114158.4,2.0,0.00175195,1761280005308,true
588600,114154.8,2.0,0.00175200,1761280005903,true
588601,114154.8,31.0,0.02715610,1761280005903,true
588602,114154.8,18.0,0.01576806,1761280005905,true
588603,114134.0,1.0,8.76163106,1761280011854,false
588604,114167.3,3.0,0.00262772,1761280020457,false
588605,114173.0,23.0,0.02014486,1761280036448,true
588606,114173.0,1.0,8.75863820,1761280036448,true
588607,114155.7,22.0,0.01927192,1761280036769,true
588608,114153.8,250.0,0.21900278,1761280036769,true
588609,114181.0,1.0,8.75802453,1761280045398,true
588610,114145.5,1.0,8.76074834,1761280051435,true
588611,114125.3,10.0,0.00876229,1761280064502,true
588612,114113.8,1.0,8.76318201,1761280065521,true
588613,114113.8,1.0,8.76318201,1761280069764,false
588614,114113.8,5.0,0.00438159,1761280069764,false
588615,114115.4,2.0,0.00175261,1761280075061,false
588616,114115.4,1.0,8.76305914,1761280075061,false
588617,114149.9,15.0,0.01314061,1761280076263,false
588618,114151.8,21.0,0.01839655,1761280077617,true
588619,114120.5,1.0,8.76266753,1761280285589,false
588620,114120.5,1.0,8.76266753,1761280285590,false
588621,114120.5,24.0,0.02103040,1761280285590,false
588622,114127.4,26.0,0.02278155,1761280285593,false
588623,114129.7,26.0,0.02278109,1761280285593,false
588624,114129.8,26.0,0.02278107,1761280285593,false
588625,114158.5,1.0,8.75975069,1761280285632,false
588626,114241.8,2.0,0.00175067,1761280298011,true
588627,114236.6,14.0,0.01225526,1761280298011,true
588628,114230.2,95.0,0.08316539,1761280298011,true
588629,114254.2,1.0,8.75241347,1761280299047,false
588630,114255.3,16.0,0.01400372,1761280299047,false
588631,114255.3,4.0,0.00350093,1761280299047,false
588632,114266.7,14.0,0.01225203,1761280299049,false
588633,114255.6,4.0,0.00350092,1761280302291,false
588634,114255.6,1.0,8.75230623,1761280302291,false
588635,114283.4,8.0,0.00700014,1761280304063,false
588636,114295.0,2.0,0.00174985,1761280304071,false
588637,114295.0,2.0,0.00174985,1761280304071,false
588638,114306.3,2.0,0.00174968,1761280314059,true
588639,114306.3,1.0,8.74842419,1761280314060,true
588640,114306.3,1.0,8.74842419,1761280314060,true
588641,114278.5,5.0,0.00437527,1761280317860,true
588642,114278.5,2.0,0.00175011,1761280317860,true
588643,114278.5,1.0,8.75055237,1761280317862,true
588644,114279.4,1.0,8.75048346,1761280321252,true
588645,114271.5,1.0,8.75108841,1761280349135,false
588646,114269.5,2.0,0.00175024,1761280362298,false
588647,114270.3,2.0,0.00175023,1761280362298,false
588648,114271.5,2.0,0.00175021,1761280367776,false
588649,114271.5,15.0,0.01312663,1761280367776,false
588650,114310.6,1.0,8.74809510,1761280368237,false
588651,114313.6,15.0,0.01312179,1761280372394,true
588652,114313.6,2.0,0.00174957,1761280372394,true
588653,114281.4,2.0,0.00175006,1761280373734,false
588654,114281.4,24.0,0.02100079,1761280373734,false
588655,114281.4,5.0,0.00437516,1761280373734,false
588656,114281.4,10.0,0.00875033,1761280373734,false
588657,114283.8,15.0,0.01312521,1761280373734,false
588658,114301.0,15.0,0.01312324,1761280373736,false
588659,114305.4,15.0,0.01312273,1761280375061,false
588660,114313.7,32.0,0.02799314,1761280377697,false
588661,114324.3,12.0,0.01049645,1761280377894,false
588662,114324.3,2.0,0.00174940,1761280379038,false
588663,114324.3,18.0,0.01574468,1761280379051,false
588664,114334.9,33.0,0.02886257,1761280379184,false
588665,114344.2,1.0,8.74552447,1761280379185,false
588666,114347.3,15.0,0.01311793,1761280379185,false
588667,114339.1,1.0,8.74591456,1761280381041,false
588668,114369.8,10.0,0.00874356,1761280381066,false
588669,114369.8,1.0,8.74356692,1761280381086,false
588670,114369.8,4.0,0.00349742,1761280381107,false
588671,114369.8,1.0,8.74356692,1761280381107,false
588672,114319.9,2.0,0.00174947,1761280385724,false
588673,114319.9,14.0,0.01224633,1761280385724,false
588674,114319.9,24.0,0.02099372,1761280385724,false
588675,114341.2,75.0,0.06559315,1761280385724,false
588676,114378.9,5.0,0.00437143,1761280387016,false
588677,114390.0,2.0,0.00174840,1761280389048,false
588678,114390.0,1.0,8.74202290,1761280389048,false
588679,114390.4,14.0,0.01223878,1761280389048,false
588680,114404.8,6.0,0.00524453,1761280395559,true
588681,114398.7,1.0,8.74135807,1761280395664,true
588682,114377.0,14.0,0.01224022,1761280397543,false
588683,114396.4,22.0,0.01923137,1761280404721,false
588684,114396.4,15.0,0.01311230,1761280404721,false
588685,114396.4,1.0,8.74153382,1761280404721,false
588686,114412.6,2.0,0.00174805,1761280404721,false
588687,114409.1,7.0,0.00611839,1761280407001,true
588688,114409.1,1.0,8.74056346,1761280407001,true
588689,114403.4,1.0,8.74099895,1761280407008,true
588690,114401.0,2.0,0.00174823,1761280411286,false
588691,114401.0,4.0,0.00349647,1761280411286,false
588692,114401.0,11.0,0.00961530,1761280411287,false
588693,114419.5,1.0,8.73976900,1761280417644,true
588694,114405.1,134.0,0.11712764,1761280435726,true
588695,114405.1,33.0,0.02884486,1761280435726,true
588696,114386.2,9.0,0.00786808,1761280437991,true
588697,114386.2,2.0,0.00174846,1761280437991,true
588698,114386.2,10.0,0.00874231,1761280437992,true
588699,114378.9,114.0,0.09966873,1761280439514,true
588700,114378.9,1.0,8.74287128,1761280439514,true
588701,114378.0,20.0,0.01748588,1761280439514,true
588702,114352.6,15.0,0.01311732,1761280441537,true
588703,114347.2,15.0,0.01311794,1761280441537,true
588704,114340.6,1.0,8.74579982,1761280442772,true
588705,114340.6,6.0,0.00524747,1761280442773,true
588706,114340.6,1.0,8.74579982,1761280442774,true
588707,114365.8,20.0,0.01748774,1761280444586,true
588708,114365.8,2.0,0.00174877,1761280444586,true
588709,114350.6,1.0,8.74503500,1761280444602,false
588710,114353.8,14.0,0.01224270,1761280444602,false
588711,114365.9,14.0,0.01224141,1761280444602,false
588712,114365.9,26.0,0.02273404,1761280444602,false
588713,114366.0,25.0,0.02185964,1761280444602,false
588714,114367.2,26.0,0.02273379,1761280444602,false
588715,114427.7,1.0,8.73914270,1761280444744,false
588716,114427.7,1.0,8.73914270,1761280444749,false
588717,114427.7,1.0,8.73914270,1761280444778,false
588718,114427.7,1.0,8.73914270,1761280444784,false
588719,114437.8,4.0,0.00349534,1761280444787,false
588720,114449.1,4.0,0.00349500,1761280444841,false
588721,114448.5,4.0,0.00349502,1761280445200,false
588722,114448.5,4.0,0.00349502,1761280445200,false
588723,114435.8,1.0,8.73852413,1761280445935,false
588724,114435.8,24.0,0.02097245,1761280445935,false
588725,114437.2,2.0,0.00174768,1761280445935,false
588726,114437.2,248.0,0.21671274,1761280445935,false
588727,114440.8,14.0,0.01223339,1761280445935,false
588728,114474.5,1.0,8.73556993,1761280445956,false
588729,114478.2,12.0,0.01048234,1761280445965,false
588730,114478.2,31.0,0.02707939,1761280445966,false
588731,114478.2,37.0,0.03232056,1761280445973,false
588732,114478.2,28.0,0.02445880,1761280445973,false
